Threads,Buyers,Sellers,WallTime,CPUtime,NumberOfTrades,QuantityTraded,AveragePrice,StdDev
1,10000,10000,0.1,0.09,20000,2969,10.97081529,3.962927769
1,10000,10000,0.1,0.11,20000,3011,10.91054055,3.983024486
1,10000,10000,0.1,0.09,20000,3037,10.99284871,3.905909516
1,10000,10000,0.1,0.11,20000,3037,10.91885821,3.93828423
1,10000,10000,0.1,0.09,20000,3071,10.9914191,3.937584467
5,10000,10000,0.1,0.09,20000,2992,10.9670221,3.886509319
5,10000,10000,0.1,0.09,20000,3076,10.89783698,3.960780734
5,10000,10000,0.1,0.09,20000,3062,10.9048563,3.897623318
5,10000,10000,0.1,0.09,20000,3058,10.90442092,3.972207886
5,10000,10000,0.1,0.09,20000,3021,11.1192072,3.96075068
10,10000,10000,0.1,0.08,20000,3055,10.9796443,3.999984129
10,10000,10000,0.1,0.11,20000,3038,11.14680174,3.926593053
10,10000,10000,0.1,0.11,20000,3032,10.92096768,4.01317438
10,10000,10000,0.1,0.08,20000,2977,10.97263266,3.921178051
10,10000,10000,0.1,0.11,20000,2945,10.96374372,3.880502625
15,10000,10000,0.1,0.09,20000,3114,10.86140476,3.938798443
15,10000,10000,0.1,0.08,20000,3095,10.97749233,3.914712389
15,10000,10000,0.1,0.08,20000,3081,11.00535804,3.890690102
15,10000,10000,0.1,0.09,20000,3051,10.88476804,3.958678332
15,10000,10000,0.1,0.09,20000,3023,11.00617777,3.877508153
20,10000,10000,0.1,0.06,20000,3028,11.0006404,3.907360814
20,10000,10000,0.1,0.08,20000,3083,10.94733636,3.992533999
20,10000,10000,0.1,0.08,20000,2989,10.97450302,3.927623564
20,10000,10000,0.1,0.09,20000,3001,11.08972979,3.976671843
20,10000,10000,0.1,0.08,20000,3041,10.97521319,4.016481126
25,10000,10000,0.1,0.09,20000,3050,11.02779215,3.89874852
25,10000,10000,0.1,0.06,20000,3061,10.95883153,3.916690334
25,10000,10000,0.1,0.11,20000,2968,11.0853015,3.918342598
25,10000,10000,0.11,0.08,20000,3089,10.96347298,3.960227712
25,10000,10000,0.1,0.08,20000,3015,10.95848516,4.003918088
30,10000,10000,0.1,0.11,20000,3070,10.97029286,3.945771231
30,10000,10000,0.1,0.09,20000,3069,10.89306185,3.999924902
30,10000,10000,0.1,0.08,20000,3056,10.97335711,4.028831651
30,10000,10000,0.11,0.11,20000,3033,11.01521923,3.86850717
30,10000,10000,0.1,0.06,20000,3067,11.03793293,3.919817846
35,10000,10000,0.11,0.08,20000,2974,10.92644537,3.918178418
35,10000,10000,0.11,0.09,20000,2966,11.20617931,3.973374594
35,10000,10000,0.11,0.06,20000,3007,10.94463505,3.989730201
35,10000,10000,0.11,0.06,20000,2993,10.92196563,3.897466465
35,10000,10000,0.11,0.09,20000,2995,11.05852541,3.95059452
40,10000,10000,0.11,0.08,20000,3081,11.13448439,3.95017199
40,10000,10000,0.11,0.09,20000,2997,11.03555605,3.936762287
40,10000,10000,0.11,0.06,20000,3079,10.92593593,3.948667941
40,10000,10000,0.11,0.08,20000,3032,10.95090956,3.984310556
40,10000,10000,0.11,0.09,20000,3040,10.97916023,3.966983754
45,10000,10000,0.11,0.11,20000,3090,11.0088312,3.980596276
45,10000,10000,0.11,0.08,20000,3046,10.9738203,3.865029671
45,10000,10000,0.11,0.11,20000,3037,11.01144045,3.93306903
45,10000,10000,0.11,0.11,20000,3018,11.11641056,3.905023747
45,10000,10000,0.11,0.08,20000,3014,10.94359768,3.924221074
50,10000,10000,0.11,0.09,20000,3067,10.9465015,3.984048275
50,10000,10000,0.11,0.08,20000,3045,11.00183649,3.94300022
50,10000,10000,0.11,0.09,20000,3031,11.08273466,3.970167853
50,10000,10000,0.11,0.06,20000,2964,10.93819807,3.985272588
50,10000,10000,0.11,0.11,20000,3035,11.01463547,3.957970689
55,10000,10000,0.11,0.05,20000,3023,11.09854977,3.930008195
55,10000,10000,0.11,0.08,20000,3020,10.90949676,3.949268918
55,10000,10000,0.11,0.05,20000,3012,11.03825973,3.994122084
55,10000,10000,0.12,0.08,20000,3082,11.05076606,3.913613445
55,10000,10000,0.11,0.05,20000,2985,11.00590254,3.928149688
60,10000,10000,0.12,0.09,20000,2958,11.05787276,3.913004916
60,10000,10000,0.11,0.09,20000,3020,10.98135976,3.973510552
60,10000,10000,0.11,0.08,20000,2960,10.93104616,4.044283751
60,10000,10000,0.12,0.03,20000,3030,10.96439281,4.017969511
60,10000,10000,0.12,0.09,20000,2947,10.9333142,3.962838531
65,10000,10000,0.12,0.12,20000,2965,11.06992508,4.035714772
65,10000,10000,0.12,0.06,20000,3017,10.98297402,3.944301122
65,10000,10000,0.12,0.08,20000,3010,10.86666954,4.026344644
65,10000,10000,0.12,0.11,20000,3006,10.9226826,3.92913628
65,10000,10000,0.11,0.09,20000,3011,10.94558692,3.931985813
70,10000,10000,0.12,0.06,20000,3000,11.21121749,3.983156492
70,10000,10000,0.12,0.08,20000,2982,11.13354449,3.92290288
70,10000,10000,0.12,0.09,20000,3053,11.04838758,3.968956417
70,10000,10000,0.12,0.06,20000,3041,10.90210611,3.947241408
70,10000,10000,0.12,0.09,20000,3032,11.02216492,3.914595142
75,10000,10000,0.12,0.06,20000,3012,11.13264162,3.98555848
75,10000,10000,0.12,0.11,20000,2993,10.99297765,3.914984467
75,10000,10000,0.12,0.06,20000,3030,11.12593352,3.951895865
75,10000,10000,0.12,0.11,20000,3009,10.90445914,3.957162287
75,10000,10000,0.12,0.05,20000,3000,10.98616006,3.944565322
80,10000,10000,0.12,0.09,20000,2961,10.87241706,3.976856269
80,10000,10000,0.12,0.06,20000,3008,11.08553261,3.932277304
80,10000,10000,0.12,0.06,20000,2983,10.99685888,3.949089277
80,10000,10000,0.12,0.09,20000,2999,10.97200314,3.962025401
80,10000,10000,0.12,0.09,20000,3050,10.98912159,3.99541061
85,10000,10000,0.12,0.06,20000,3054,10.99814354,3.990184789
85,10000,10000,0.13,0.06,20000,3036,11.03968152,3.904826418
85,10000,10000,0.12,0.11,20000,3089,11.08167401,3.969955123
85,10000,10000,0.12,0.09,20000,3062,11.01677474,3.878151915
85,10000,10000,0.12,0.08,20000,3095,10.99939056,3.882600883
90,10000,10000,0.12,0.11,20000,3031,11.02753471,3.883899417
90,10000,10000,0.12,0.11,20000,3034,10.91785027,3.909838551
90,10000,10000,0.12,0.08,20000,3000,11.11065199,3.94516362
90,10000,10000,0.13,0.08,20000,3060,11.03114958,3.960680859
90,10000,10000,0.13,0.11,20000,3000,10.95623464,3.917219335
95,10000,10000,0.13,0.11,20000,3038,10.80981531,3.976678935
95,10000,10000,0.13,0.11,20000,2964,11.11787004,4.027493307
95,10000,10000,0.13,0.11,20000,3008,11.06115741,3.964366344
95,10000,10000,0.13,0.11,20000,3039,11.13849252,3.999054851
95,10000,10000,0.13,0.06,20000,3060,11.04358306,3.939141447
100,10000,10000,0.13,0.05,20000,2938,11.00420046,3.924855313
100,10000,10000,0.13,0.03,20000,3008,10.94697352,3.923527549
100,10000,10000,0.13,0,20000,2973,10.97794748,3.859928816
100,10000,10000,0.13,0.06,20000,3001,10.93600485,3.948935284
100,10000,10000,0.13,0.05,20000,2975,11.0737137,3.979063804
105,10000,10000,0.13,0.05,20000,3108,10.99074766,3.948398845
105,10000,10000,0.13,0.06,20000,3034,10.98124275,3.966118136
105,10000,10000,0.13,0.08,20000,3006,10.89121936,3.964017068
105,10000,10000,0.13,0.09,20000,3036,11.01450629,4.008964079
105,10000,10000,0.13,0.11,20000,3062,10.96671733,4.033265371
110,10000,10000,0.13,0.12,20000,3103,11.06024635,3.910428727
110,10000,10000,0.13,0.09,20000,2984,10.99291536,4.009353859
110,10000,10000,0.13,0.09,20000,2990,11.04806904,3.997927071
110,10000,10000,0.13,0.08,20000,3120,10.97117177,3.990548263
110,10000,10000,0.13,0,20000,3037,10.97965803,3.929513863
115,10000,10000,0.13,0.02,20000,2974,11.04977272,3.908770479
115,10000,10000,0.13,0.03,20000,3072,11.07034764,3.867358754
115,10000,10000,0.14,0.02,20000,2987,11.02869212,3.909307909
115,10000,10000,0.13,0.02,20000,3032,11.10160188,3.894532971
115,10000,10000,0.13,0.02,20000,3061,11.02358359,3.979642578
120,10000,10000,0.13,0.02,20000,2946,11.00428327,3.966934864
120,10000,10000,0.14,0.03,20000,3033,11.00071235,4.003549067
120,10000,10000,0.13,0.02,20000,3073,10.94338735,3.954178833
120,10000,10000,0.13,0.02,20000,2993,10.82703074,3.971748631
120,10000,10000,0.13,0.03,20000,3053,10.94104639,3.965200592
125,10000,10000,0.14,0,20000,2991,10.92207609,3.90389181
125,10000,10000,0.13,0.02,20000,3059,11.02787387,3.895832051
125,10000,10000,0.14,0.02,20000,3070,11.06157215,3.878688712
125,10000,10000,0.13,0.08,20000,3066,10.97766195,3.853054799
125,10000,10000,0.14,0.02,20000,3008,11.01340341,3.976274717
130,10000,10000,0.13,0.05,20000,2975,11.03234688,3.957338947
130,10000,10000,0.13,0.06,20000,2955,10.95296557,3.927118089
130,10000,10000,0.13,0.06,20000,3050,10.93063348,3.944820238
130,10000,10000,0.13,0.03,20000,3031,10.9344219,3.942208283
130,10000,10000,0.13,0.06,20000,2997,11.05554713,3.938685596
135,10000,10000,0.13,0.05,20000,3042,11.00637702,3.980735052
135,10000,10000,0.13,0.09,20000,3032,11.03582472,3.939872708
135,10000,10000,0.12,0.11,20000,2975,11.00676249,3.934189933
135,10000,10000,0.13,0.08,20000,3037,11.01514658,3.990244812
135,10000,10000,0.13,0.08,20000,3016,10.90116863,3.925185474
140,10000,10000,0.12,0.09,20000,2973,10.97642168,3.966347618
140,10000,10000,0.13,0.09,20000,2998,11.0046977,3.877692058
140,10000,10000,0.14,0.11,20000,2924,10.93929918,3.98857098
140,10000,10000,0.13,0.05,20000,3062,11.09726516,3.925525297
140,10000,10000,0.13,0.06,20000,3050,10.98470274,3.971363283
145,10000,10000,0.13,0.08,20000,3017,11.06405582,3.971250511
145,10000,10000,0.12,0.06,20000,3043,10.96226753,3.959220606
145,10000,10000,0.13,0.09,20000,3022,11.061057,3.885547155
145,10000,10000,0.13,0.06,20000,3025,11.12141746,3.883953927
145,10000,10000,0.13,0.08,20000,3014,11.04601239,3.92188398
150,10000,10000,0.13,0.12,20000,3053,10.93540296,3.870416717
150,10000,10000,0.12,0.11,20000,2995,10.90966037,3.860380967
150,10000,10000,0.12,0.11,20000,3018,11.0058462,3.868071154
150,10000,10000,0.13,0.08,20000,3006,10.88500591,3.929198698
150,10000,10000,0.13,0.06,20000,3031,11.00387428,3.951920399
155,10000,10000,0.13,0.11,20000,2972,11.09278144,3.986591072
155,10000,10000,0.13,0.12,20000,3041,11.09917229,3.943956898
155,10000,10000,0.12,0.08,20000,2968,11.11472392,3.963664978
155,10000,10000,0.13,0.08,20000,3072,10.97858625,3.938008911
155,10000,10000,0.12,0.09,20000,3032,11.04610704,3.947666119
160,10000,10000,0.13,0.09,20000,2983,10.99296517,3.964013016
160,10000,10000,0.13,0.11,20000,3001,11.0193826,3.957199616
160,10000,10000,0.13,0.09,20000,3022,11.02507213,3.986632632
160,10000,10000,0.13,0.09,20000,3000,10.89191599,3.894171213
160,10000,10000,0.12,0.12,20000,2992,10.94186831,3.911944014
165,10000,10000,0.12,0.09,20000,3036,10.93342776,3.963114033
165,10000,10000,0.13,0.08,20000,3012,11.01903048,3.984647413
165,10000,10000,0.12,0.11,20000,2967,10.89196127,3.940854343
165,10000,10000,0.12,0.11,20000,2943,10.96663371,3.954117315
165,10000,10000,0.12,0.12,20000,3081,11.10653305,3.953896233
170,10000,10000,0.13,0.09,20000,3039,11.00285144,3.986381086
170,10000,10000,0.13,0.12,20000,3106,11.02246841,3.971797271
170,10000,10000,0.13,0.09,20000,3032,11.12703344,4.01496082
170,10000,10000,0.13,0.08,20000,3054,10.99020693,3.891997283
170,10000,10000,0.12,0.08,20000,2983,10.94571311,3.950661484
175,10000,10000,0.13,0.11,20000,3037,11.06440324,3.971318507
175,10000,10000,0.13,0.12,20000,3032,10.95306793,3.918452311
175,10000,10000,0.12,0.11,20000,3053,10.99972566,3.892003954
175,10000,10000,0.12,0.11,20000,3006,10.99013253,3.870459534
175,10000,10000,0.12,0.12,20000,3014,10.9499277,3.895542183
180,10000,10000,0.12,0.12,20000,2999,11.09769445,3.957807189
180,10000,10000,0.13,0.11,20000,2897,10.97026182,3.905884322
180,10000,10000,0.13,0.09,20000,3001,10.92127789,3.89006871
180,10000,10000,0.13,0.11,20000,2997,10.96373134,3.91555758
180,10000,10000,0.12,0.09,20000,3023,11.05784522,3.968990354
185,10000,10000,0.12,0.12,20000,3022,11.10313391,3.931841389
185,10000,10000,0.12,0.09,20000,3078,11.03159828,3.919211122
185,10000,10000,0.12,0.11,20000,3018,10.92932671,3.935103027
185,10000,10000,0.13,0.12,20000,3044,11.15442643,3.930193846
185,10000,10000,0.13,0.11,20000,3104,10.92660411,3.911333461
190,10000,10000,0.12,0.14,20000,2960,10.89451952,3.878987047
190,10000,10000,0.13,0.12,20000,3071,10.89512738,3.960376479
190,10000,10000,0.13,0.09,20000,3063,11.10805926,4.006284518
190,10000,10000,0.13,0.12,20000,3048,11.12846875,3.970870106
190,10000,10000,0.12,0.11,20000,2950,10.92071579,3.962814998
195,10000,10000,0.13,0.11,20000,3053,10.99848803,3.892655747
195,10000,10000,0.12,0.11,20000,3040,11.0578811,3.90391031
195,10000,10000,0.13,0.11,20000,3073,10.99605968,3.889376982
195,10000,10000,0.13,0.12,20000,2979,10.80482685,3.926818222
195,10000,10000,0.13,0.11,20000,2968,11.01127788,3.897874379
200,10000,10000,0.13,0.08,20000,2966,10.93885198,3.940714872
200,10000,10000,0.13,0.09,20000,3039,10.99059088,3.97214963
200,10000,10000,0.13,0.12,20000,2989,11.07779739,3.973235557
200,10000,10000,0.13,0.09,20000,3007,11.04929106,3.869584743
200,10000,10000,0.12,0.12,20000,3029,11.03688638,3.949361142
205,10000,10000,0.12,0.11,20000,2989,10.94765745,3.93777821
205,10000,10000,0.13,0.11,20000,3036,11.01955202,3.931840481
205,10000,10000,0.13,0.11,20000,3021,10.92235353,3.96917768
205,10000,10000,0.13,0.11,20000,3002,11.02211191,4.005571761
205,10000,10000,0.13,0.11,20000,3005,10.99248655,3.907745756
210,10000,10000,0.13,0.11,20000,3036,10.90539096,3.997774586
210,10000,10000,0.13,0.12,20000,3030,11.01537601,4.002823895
210,10000,10000,0.13,0.12,20000,3049,10.97633466,3.920620336
210,10000,10000,0.13,0.11,20000,2973,11.04027239,3.936778212
210,10000,10000,0.13,0.12,20000,3000,11.01887328,3.957047128
215,10000,10000,0.13,0.14,20000,2938,10.89937648,3.93569964
215,10000,10000,0.13,0.11,20000,3073,11.0308223,3.956544926
215,10000,10000,0.13,0.12,20000,3019,11.03139156,3.913328035
215,10000,10000,0.13,0.12,20000,3021,11.07407129,3.906711847
215,10000,10000,0.13,0.09,20000,3048,10.8800694,3.886705143
220,10000,10000,0.13,0.12,20000,3030,11.00714662,3.936858657
220,10000,10000,0.13,0.11,20000,3062,11.06082231,3.932383197
220,10000,10000,0.13,0.12,20000,3022,10.90489674,4.049135432
220,10000,10000,0.13,0.09,20000,2970,11.05750825,3.865382997
220,10000,10000,0.13,0.12,20000,2997,10.95176408,3.924754174
225,10000,10000,0.13,0.12,20000,2951,10.96659499,3.981302238
225,10000,10000,0.13,0.14,20000,3000,10.92542481,3.94977557
225,10000,10000,0.13,0.11,20000,3040,11.01382339,3.93739154
225,10000,10000,0.13,0.11,20000,3026,10.92637321,4.003380131
225,10000,10000,0.13,0.14,20000,3062,11.07754872,3.90289236
230,10000,10000,0.13,0.11,20000,2981,10.99840797,3.945378473
230,10000,10000,0.13,0.12,20000,2934,10.8934327,3.911915086
230,10000,10000,0.13,0.11,20000,2978,11.13169778,3.936675053
230,10000,10000,0.13,0.12,20000,3025,11.04054915,3.91795865
230,10000,10000,0.13,0.09,20000,2941,11.02295967,3.97905476
235,10000,10000,0.13,0.12,20000,3026,10.88449234,3.964073598
235,10000,10000,0.13,0.09,20000,2955,11.11099002,4.018421979
235,10000,10000,0.13,0.14,20000,3001,10.93543437,3.96502486
235,10000,10000,0.13,0.12,20000,3061,10.86920847,3.942572345
235,10000,10000,0.13,0.12,20000,2958,10.9358492,3.989492219
240,10000,10000,0.13,0.11,20000,2983,11.03227567,3.919889799
240,10000,10000,0.13,0.14,20000,2984,10.9478402,3.963350312
240,10000,10000,0.13,0.12,20000,3021,10.99005992,3.940947476
240,10000,10000,0.13,0.11,20000,3033,11.02099646,4.017842261
240,10000,10000,0.13,0.12,20000,2988,11.02544706,3.966782669
245,10000,10000,0.13,0.14,20000,2924,11.03902309,3.982826715
245,10000,10000,0.13,0.12,20000,2971,10.9094906,3.895589849
245,10000,10000,0.13,0.11,20000,2962,10.95263938,3.95029285
245,10000,10000,0.13,0.11,20000,2994,10.92385514,3.944180014
245,10000,10000,0.13,0.14,20000,3038,11.13800136,3.92475176
250,10000,10000,0.13,0.12,20000,3017,11.09737598,3.884817183
250,10000,10000,0.13,0.12,20000,3041,10.94692376,3.956344642
250,10000,10000,0.13,0.09,20000,3015,10.8945866,3.901609102
250,10000,10000,0.13,0.11,20000,3043,11.04888507,3.953090671
250,10000,10000,0.13,0.14,20000,2989,11.02826587,3.88412576
255,10000,10000,0.13,0.12,20000,2998,10.98923664,3.938332207
255,10000,10000,0.13,0.11,20000,2974,11.03837778,3.949580011
255,10000,10000,0.13,0.12,20000,3018,10.96298281,3.944264153
255,10000,10000,0.13,0.12,20000,3012,11.01369234,3.997749834
255,10000,10000,0.13,0.11,20000,2955,10.93612216,3.958673066
260,10000,10000,0.13,0.12,20000,2942,11.10453781,3.974901844
260,10000,10000,0.13,0.14,20000,3001,11.01665895,3.931208127
260,10000,10000,0.13,0.12,20000,3011,10.78954954,3.91628703
260,10000,10000,0.13,0.14,20000,3063,10.93751802,3.957896529
260,10000,10000,0.13,0.12,20000,3032,10.97385868,3.938140777
265,10000,10000,0.13,0.12,20000,2942,10.95421751,3.886040428
265,10000,10000,0.13,0.12,20000,2996,11.00058276,3.897361747
265,10000,10000,0.13,0.11,20000,3060,10.97499463,3.947706856
265,10000,10000,0.13,0.14,20000,2939,11.04131497,3.8941407
265,10000,10000,0.13,0.12,20000,2972,10.93298361,3.996853788
270,10000,10000,0.13,0.12,20000,2956,10.90797072,3.992299376
270,10000,10000,0.13,0.14,20000,3015,10.99461713,3.974794613
270,10000,10000,0.13,0.14,20000,3001,10.9236855,3.961964504
270,10000,10000,0.13,0.09,20000,2998,11.01572398,3.993344718
270,10000,10000,0.13,0.14,20000,3004,10.95375905,3.983137232
275,10000,10000,0.13,0.14,20000,2987,11.03656488,3.954695643
275,10000,10000,0.13,0.12,20000,3018,11.06011316,3.965286112
275,10000,10000,0.13,0.12,20000,2941,10.99776269,3.953876544
275,10000,10000,0.13,0.14,20000,3052,10.99420357,3.961747779
275,10000,10000,0.13,0.11,20000,2960,10.93314901,4.000428834
280,10000,10000,0.14,0.12,20000,3051,11.05706414,3.880235559
280,10000,10000,0.14,0.14,20000,3021,10.98066626,4.028873026
280,10000,10000,0.13,0.14,20000,3064,10.99487424,3.899653767
280,10000,10000,0.14,0.12,20000,2993,11.07039564,3.921348652
280,10000,10000,0.13,0.14,20000,2992,10.92393354,3.906898712
285,10000,10000,0.13,0.14,20000,3016,11.02165317,3.937314208
285,10000,10000,0.13,0.14,20000,3070,11.04230614,3.929818708
285,10000,10000,0.14,0.16,20000,3007,11.06623491,3.906191342
285,10000,10000,0.13,0.12,20000,2992,10.9155807,4.000849874
285,10000,10000,0.13,0.12,20000,2999,11.00187644,3.963977625
290,10000,10000,0.13,0.11,20000,3058,10.98305968,3.975230481
290,10000,10000,0.14,0.11,20000,2974,10.87832614,3.9508565
290,10000,10000,0.14,0.12,20000,2963,10.97469527,3.934869338
290,10000,10000,0.13,0.14,20000,2962,10.99015104,3.949964911
290,10000,10000,0.13,0.14,20000,3021,10.93302505,3.928515173
295,10000,10000,0.14,0.11,20000,2986,11.04877051,3.950695652
295,10000,10000,0.13,0.12,20000,3017,10.88832085,3.966269797
295,10000,10000,0.14,0.14,20000,3059,10.98942048,3.982080922
295,10000,10000,0.14,0.11,20000,3007,10.9398721,3.978995609
295,10000,10000,0.14,0.11,20000,3081,11.0043679,4.008790784
300,10000,10000,0.14,0.14,20000,2962,11.01061146,3.962232334
300,10000,10000,0.14,0.12,20000,3030,10.95429968,4.014628766
300,10000,10000,0.14,0.14,20000,3037,10.96766003,3.961304339
300,10000,10000,0.14,0.14,20000,2959,11.02103084,3.917854874
300,10000,10000,0.13,0.12,20000,3005,10.92628542,3.99003331
305,10000,10000,0.14,0.12,20000,3014,11.08537345,3.907176151
305,10000,10000,0.14,0.12,20000,2948,10.82605259,4.016847996
305,10000,10000,0.14,0.14,20000,3061,11.14497706,3.956532368
305,10000,10000,0.14,0.11,20000,2997,10.98455882,3.91045663
305,10000,10000,0.14,0.14,20000,3019,10.97143201,3.974364827
310,10000,10000,0.14,0.12,20000,3012,11.02794721,3.987969547
310,10000,10000,0.14,0.14,20000,3014,11.00052128,3.915471048
310,10000,10000,0.14,0.14,20000,3012,11.05410507,3.927976048
310,10000,10000,0.14,0.14,20000,3078,10.90541873,3.924172662
310,10000,10000,0.14,0.12,20000,2952,10.98937415,3.962374338
315,10000,10000,0.14,0.17,20000,2962,11.07803375,3.936721675
315,10000,10000,0.14,0.12,20000,3017,11.15330126,3.911025786
315,10000,10000,0.14,0.11,20000,2975,10.95461737,3.922217076
315,10000,10000,0.14,0.14,20000,2978,11.03915107,3.914097825
315,10000,10000,0.14,0.12,20000,2985,11.01346667,3.954784842
320,10000,10000,0.14,0.11,20000,2948,11.01962641,3.934552616
320,10000,10000,0.14,0.12,20000,3019,11.00469194,3.947656177
320,10000,10000,0.14,0.12,20000,2965,10.92596551,3.944941765
320,10000,10000,0.14,0.14,20000,3004,10.98047618,3.977489471
320,10000,10000,0.14,0.11,20000,2992,10.9787213,3.982637393
325,10000,10000,0.14,0.14,20000,3009,10.99843422,3.940378175
325,10000,10000,0.14,0.11,20000,2982,10.93352476,3.937711616
325,10000,10000,0.14,0.12,20000,2976,11.05242611,3.962393603
325,10000,10000,0.14,0.12,20000,2974,10.9990384,3.925289915
325,10000,10000,0.14,0.14,20000,3000,10.95779546,3.95920484
330,10000,10000,0.14,0.11,20000,2950,11.13261157,4.050780154
330,10000,10000,0.14,0.14,20000,3043,11.15863765,3.886472259
330,10000,10000,0.14,0.14,20000,2973,11.03159892,3.92633783
330,10000,10000,0.14,0.16,20000,2998,11.06033603,3.934126377
330,10000,10000,0.14,0.14,20000,3051,11.00327023,3.916335403
335,10000,10000,0.14,0.17,20000,2995,10.94622171,3.923103256
335,10000,10000,0.14,0.12,20000,2978,10.93469918,3.943031677
335,10000,10000,0.14,0.11,20000,3023,10.9302975,4.029138367
335,10000,10000,0.14,0.14,20000,2981,10.95745765,3.921645128
335,10000,10000,0.14,0.11,20000,3084,11.01799676,3.970632482
340,10000,10000,0.14,0.14,20000,2942,11.01856112,3.964527819
340,10000,10000,0.14,0.16,20000,3036,10.9829164,3.894303579
340,10000,10000,0.14,0.12,20000,2904,11.03494608,3.84845726
340,10000,10000,0.14,0.12,20000,3014,11.1116156,3.926466597
340,10000,10000,0.14,0.14,20000,3002,11.06293587,3.955984092
345,10000,10000,0.14,0.14,20000,2977,10.943102,4.101366227
345,10000,10000,0.14,0.16,20000,3021,11.06634347,3.927394579
345,10000,10000,0.14,0.14,20000,2955,10.90802488,3.959985964
345,10000,10000,0.14,0.14,20000,3018,10.96013256,3.968191829
345,10000,10000,0.14,0.14,20000,2963,10.88732305,3.970383278
350,10000,10000,0.14,0.12,20000,2998,10.9117966,3.895044739
350,10000,10000,0.14,0.11,20000,2948,11.01659822,3.939457794
350,10000,10000,0.14,0.12,20000,2894,11.0642498,3.985901193
350,10000,10000,0.14,0.16,20000,2933,10.9137594,3.912835105
350,10000,10000,0.14,0.14,20000,3002,10.95655808,3.952401592
355,10000,10000,0.14,0.16,20000,3029,11.08797248,3.947543158
355,10000,10000,0.14,0.14,20000,2993,10.85212775,3.942220807
355,10000,10000,0.14,0.14,20000,2977,11.07985439,3.950608897
355,10000,10000,0.14,0.14,20000,2979,10.86811541,3.918227708
355,10000,10000,0.14,0.12,20000,3079,10.96917389,3.97146041
360,10000,10000,0.14,0.12,20000,3021,11.16130655,4.084252107
360,10000,10000,0.14,0.17,20000,3000,10.89332073,3.969633178
360,10000,10000,0.14,0.14,20000,2962,10.8754632,3.939544875
360,10000,10000,0.14,0.14,20000,2986,11.05127446,3.962314697
360,10000,10000,0.14,0.12,20000,3061,11.07267807,3.99395111
365,10000,10000,0.14,0.14,20000,2947,11.15699692,3.92446857
365,10000,10000,0.14,0.12,20000,2969,10.98901112,3.895192145
365,10000,10000,0.14,0.14,20000,2994,11.04240743,3.944558949
365,10000,10000,0.15,0.14,20000,2951,11.02576362,3.956398189
365,10000,10000,0.14,0.14,20000,3033,10.97780379,3.993140253
370,10000,10000,0.14,0.14,20000,2959,10.8694324,4.028048417
370,10000,10000,0.14,0.16,20000,2956,10.96395497,3.922058196
370,10000,10000,0.14,0.12,20000,2982,10.98782586,3.984736909
370,10000,10000,0.14,0.16,20000,2973,10.96426819,3.977850257
370,10000,10000,0.14,0.17,20000,3086,11.01378057,3.94983677
375,10000,10000,0.14,0.14,20000,3013,10.89894092,3.923099725
375,10000,10000,0.14,0.16,20000,2985,11.03788121,3.974762441
375,10000,10000,0.15,0.16,20000,2975,10.95962382,3.987670579
375,10000,10000,0.15,0.12,20000,3001,11.00902282,3.86430896
375,10000,10000,0.14,0.16,20000,2974,11.01191381,3.944349147
380,10000,10000,0.14,0.14,20000,3002,10.91176496,3.99668881
380,10000,10000,0.15,0.16,20000,2983,11.04247416,3.926597665
380,10000,10000,0.14,0.16,20000,3017,11.0118776,3.957666555
380,10000,10000,0.14,0.16,20000,3103,11.05053026,3.986266249
380,10000,10000,0.14,0.16,20000,2972,10.9062339,3.895115861
385,10000,10000,0.14,0.14,20000,3053,10.99190979,4.029619869
385,10000,10000,0.14,0.14,20000,2927,10.97241115,3.928174541
385,10000,10000,0.14,0.12,20000,2957,10.98385924,3.998822921
385,10000,10000,0.14,0.14,20000,3007,11.00615295,3.937590974
385,10000,10000,0.14,0.14,20000,2991,10.98795957,4.003944178
390,10000,10000,0.14,0.14,20000,3016,11.03633515,3.920319651
390,10000,10000,0.14,0.17,20000,2986,10.9572015,3.943028972
390,10000,10000,0.14,0.14,20000,3053,10.92683415,3.941907524
390,10000,10000,0.14,0.14,20000,2899,11.03470331,3.997740034
390,10000,10000,0.15,0.14,20000,3011,10.94068326,3.894118252
395,10000,10000,0.14,0.16,20000,2977,11.05641275,4.02169509
395,10000,10000,0.15,0.12,20000,2959,11.08753919,3.937658943
395,10000,10000,0.14,0.14,20000,3008,11.00937191,4.072228552
395,10000,10000,0.14,0.14,20000,2966,10.97277254,3.933060041
395,10000,10000,0.14,0.09,20000,3001,10.91899031,3.955147558
400,10000,10000,0.14,0.14,20000,2930,10.96108178,3.989977084
400,10000,10000,0.14,0.12,20000,2987,11.04989713,4.017335299
400,10000,10000,0.14,0.14,20000,2981,10.97205136,3.954591972
400,10000,10000,0.14,0.16,20000,2984,10.96594046,3.968878809
400,10000,10000,0.14,0.12,20000,2963,11.1007695,4.06431724
405,10000,10000,0.14,0.12,20000,2983,10.9718746,4.012881747
405,10000,10000,0.14,0.17,20000,3035,10.93234183,3.870897948
405,10000,10000,0.14,0.16,20000,2937,10.98734799,3.944473131
405,10000,10000,0.14,0.12,20000,3002,11.0193711,4.002523424
405,10000,10000,0.14,0.16,20000,2908,10.97223558,3.95620323
410,10000,10000,0.14,0.14,20000,3022,10.92742867,3.994866626
410,10000,10000,0.14,0.16,20000,2970,11.00990667,3.968242919
410,10000,10000,0.14,0.14,20000,2912,10.99612359,3.967922848
410,10000,10000,0.14,0.17,20000,2969,11.07930936,4.005939071
410,10000,10000,0.14,0.19,20000,2998,10.92912185,3.9146092
415,10000,10000,0.14,0.16,20000,2971,11.00700342,3.972095345
415,10000,10000,0.14,0.17,20000,3041,10.97596058,3.875763647
415,10000,10000,0.14,0.16,20000,2997,11.11585349,3.990989446
415,10000,10000,0.14,0.16,20000,2978,10.94344037,3.93196438
415,10000,10000,0.14,0.17,20000,2973,11.16653068,3.924105323
420,10000,10000,0.14,0.14,20000,3051,11.02010661,3.970058704
420,10000,10000,0.14,0.16,20000,2973,11.03121684,3.952087935
420,10000,10000,0.14,0.16,20000,3005,10.94609095,3.893121753
420,10000,10000,0.14,0.12,20000,2949,10.93600875,3.926918428
420,10000,10000,0.14,0.16,20000,3015,11.05379288,3.943433761
425,10000,10000,0.14,0.14,20000,3030,11.04203872,3.956339912
425,10000,10000,0.14,0.12,20000,2996,10.93650586,3.946640035
425,10000,10000,0.15,0.16,20000,3020,11.09065957,3.915414035
425,10000,10000,0.15,0.16,20000,2938,11.14276315,3.963450699
425,10000,10000,0.14,0.16,20000,2949,11.02041418,3.930475477
430,10000,10000,0.14,0.16,20000,2989,11.03932643,3.905482369
430,10000,10000,0.14,0.14,20000,2997,11.04168254,3.95591844
430,10000,10000,0.14,0.14,20000,3007,11.09907066,3.93003963
430,10000,10000,0.14,0.14,20000,2952,10.94886315,3.998577644
430,10000,10000,0.14,0.14,20000,2980,10.95430457,3.962144128
435,10000,10000,0.14,0.14,20000,2988,11.14383688,3.908941434
435,10000,10000,0.14,0.14,20000,2944,10.90671571,4.016088848
435,10000,10000,0.14,0.17,20000,3034,11.02829027,3.89670423
435,10000,10000,0.14,0.14,20000,2916,10.94466551,4.047036378
435,10000,10000,0.14,0.12,20000,2981,11.0796039,3.88263949
440,10000,10000,0.14,0.12,20000,2949,11.14520895,3.968369043
440,10000,10000,0.15,0.16,20000,2927,11.09279043,3.990154608
440,10000,10000,0.14,0.16,20000,3035,10.99387073,3.951319558
440,10000,10000,0.14,0.12,20000,2982,11.0015668,3.974519821
440,10000,10000,0.14,0.14,20000,2964,11.07236659,3.959892073
445,10000,10000,0.15,0.14,20000,2939,11.00532077,3.9727
445,10000,10000,0.14,0.12,20000,2951,10.9823868,3.947875972
445,10000,10000,0.14,0.14,20000,2987,11.05622359,3.969498448
445,10000,10000,0.14,0.12,20000,2967,11.08995592,3.940511848
445,10000,10000,0.14,0.16,20000,3010,11.03588063,3.979298258
450,10000,10000,0.14,0.11,20000,2998,10.88696694,3.853446445
450,10000,10000,0.14,0.12,20000,2965,11.01013459,4.003676398
450,10000,10000,0.14,0.14,20000,3059,10.99045762,3.903831222
450,10000,10000,0.15,0.12,20000,2995,11.00522034,4.03991198
450,10000,10000,0.14,0.14,20000,2967,11.0849187,3.838034554
455,10000,10000,0.14,0.14,20000,2931,10.96143709,3.952562515
455,10000,10000,0.14,0.11,20000,2975,10.91931879,4.013285745
455,10000,10000,0.14,0.16,20000,2946,10.8503731,3.942018809
455,10000,10000,0.14,0.09,20000,2999,10.91665855,3.894529659
455,10000,10000,0.14,0.14,20000,2960,11.01474391,3.969434292
460,10000,10000,0.14,0.12,20000,2942,11.01454897,3.912571939
460,10000,10000,0.15,0.14,20000,2995,10.94709575,3.89982123
460,10000,10000,0.14,0.14,20000,3030,10.88600129,3.920333473
460,10000,10000,0.15,0.16,20000,2973,10.928766,3.971410004
460,10000,10000,0.14,0.16,20000,2997,10.90736066,3.937767574
465,10000,10000,0.14,0.12,20000,2976,10.89966236,3.945657562
465,10000,10000,0.14,0.11,20000,2968,11.09113944,3.94121175
465,10000,10000,0.15,0.14,20000,2972,10.90661954,3.957925374
465,10000,10000,0.14,0.12,20000,2978,11.0344865,3.958665373
465,10000,10000,0.14,0.16,20000,2945,10.92354762,3.875249812
470,10000,10000,0.15,0.14,20000,2934,10.98534106,3.955562581
470,10000,10000,0.14,0.16,20000,2968,10.88999997,3.891466058
470,10000,10000,0.14,0.16,20000,2988,10.92531971,3.929577775
470,10000,10000,0.14,0.14,20000,3001,10.89409967,3.961515736
470,10000,10000,0.14,0.14,20000,2983,11.13145896,3.944955305
475,10000,10000,0.14,0.12,20000,2971,10.93889244,4.021131441
475,10000,10000,0.14,0.17,20000,2960,11.01346879,3.95872614
475,10000,10000,0.15,0.12,20000,3041,11.00580295,3.956507251
475,10000,10000,0.14,0.16,20000,2950,10.92395201,3.928888148
475,10000,10000,0.14,0.17,20000,2930,10.85234926,3.930217354
480,10000,10000,0.14,0.19,20000,2959,11.12715392,3.93136713
480,10000,10000,0.15,0.11,20000,2963,11.08642935,3.977934124
480,10000,10000,0.14,0.12,20000,3043,10.94005593,3.863415845
480,10000,10000,0.14,0.16,20000,2977,11.16578937,3.931711721
480,10000,10000,0.15,0.16,20000,3003,10.9062535,3.948476085
485,10000,10000,0.14,0.14,20000,3006,11.06413899,3.99135064
485,10000,10000,0.14,0.14,20000,2984,10.96018932,3.97352911
485,10000,10000,0.14,0.14,20000,2927,10.94302271,3.967764733
485,10000,10000,0.14,0.11,20000,2921,11.05596756,3.904812121
485,10000,10000,0.14,0.16,20000,2920,10.99592096,3.948590666
490,10000,10000,0.14,0.14,20000,3004,11.05774692,3.962147167
490,10000,10000,0.15,0.12,20000,3029,10.90475628,3.955510722
490,10000,10000,0.14,0.14,20000,2991,11.05503177,3.982382642
490,10000,10000,0.14,0.14,20000,2923,11.04281803,3.916320263
490,10000,10000,0.14,0.14,20000,3002,10.96092371,3.910000942
495,10000,10000,0.14,0.16,20000,2975,11.12821745,3.943436348
495,10000,10000,0.14,0.17,20000,2932,11.03654435,3.924545041
495,10000,10000,0.14,0.16,20000,3020,11.11470453,3.966660712
495,10000,10000,0.14,0.19,20000,3019,11.08156419,3.932118713
495,10000,10000,0.14,0.14,20000,3056,11.15067435,3.976378286
500,10000,10000,0.15,0.16,20000,3008,10.96013955,3.922559224
500,10000,10000,0.14,0.14,20000,2875,11.01905089,4.056792593
500,10000,10000,0.14,0.14,20000,2958,10.98638709,3.969481644
500,10000,10000,0.14,0.11,20000,2918,10.98330786,3.919548469
500,10000,10000,0.14,0.14,20000,2989,10.98127739,3.952228598
1,100000,100000,1.45,1.47,200000,30350,11.01871322,3.955263323
1,100000,100000,1.46,1.45,200000,30316,11.02306191,3.934428967
1,100000,100000,1.45,1.45,200000,30192,10.9901034,3.942298885
1,100000,100000,1.51,1.5,200000,30471,11.01137689,3.948351553
1,100000,100000,1.48,1.48,200000,30413,11.00617298,3.940460744
5,100000,100000,1.19,1.2,200000,30522,11.01075664,3.941200143
5,100000,100000,1.21,1.22,200000,30207,11.01357984,3.966506912
5,100000,100000,1.2,1.2,200000,30388,11.02257717,3.938796018
5,100000,100000,1.21,1.22,200000,30233,11.00047583,3.938363422
5,100000,100000,1.53,1.5,200000,30247,10.97731227,3.940091308
10,100000,100000,1.1,1.09,200000,30440,10.98031875,3.936286393
10,100000,100000,1.23,1.23,200000,30172,11.01453643,3.941925644
10,100000,100000,1.23,1.19,200000,30043,11.01003086,3.945964833
10,100000,100000,1.1,1.09,200000,30373,11.03883197,3.944171906
10,100000,100000,1.09,1.09,200000,30326,11.01661613,3.93852338
15,100000,100000,1,0.98,200000,30397,10.9961609,3.950877283
15,100000,100000,1.46,1.36,200000,30235,10.99100604,3.944908859
15,100000,100000,1.58,1.38,200000,30323,11.00370324,3.973668983
15,100000,100000,1.01,1,200000,30237,11.02848691,3.954596124
15,100000,100000,1.01,1,200000,30273,11.05637454,3.92358154
20,100000,100000,0.98,0.95,200000,30227,10.99188976,3.957919698
20,100000,100000,0.99,0.98,200000,30374,10.96673616,3.946114452
20,100000,100000,1,1,200000,30423,10.98047651,3.943659266
20,100000,100000,0.99,0.97,200000,30316,10.9850791,3.93615947
20,100000,100000,0.99,0.98,200000,30439,10.97185057,3.970723817
25,100000,100000,0.97,0.97,200000,30117,10.99814198,3.946004039
25,100000,100000,0.97,0.94,200000,30367,11.00121235,3.942772855
25,100000,100000,0.97,0.97,200000,30159,10.99970543,3.918741526
25,100000,100000,0.97,0.97,200000,30400,10.95928546,3.946685896
25,100000,100000,0.97,0.97,200000,30422,11.02784664,3.932388812
30,100000,100000,0.96,0.94,200000,30497,10.96219938,3.974796559
30,100000,100000,0.97,0.98,200000,30556,11.01115607,3.947214255
30,100000,100000,0.95,0.95,200000,30426,11.00706483,3.944027827
30,100000,100000,0.96,0.97,200000,30432,11.0247576,3.975285685
30,100000,100000,0.95,0.94,200000,30420,11.01475132,3.955274652
35,100000,100000,0.96,0.95,200000,30124,10.96258499,3.943445526
35,100000,100000,0.96,0.91,200000,30465,10.99133989,3.951382301
35,100000,100000,0.96,0.97,200000,30310,11.0110047,3.958131635
35,100000,100000,0.96,0.95,200000,30214,10.98925239,3.950954584
35,100000,100000,0.96,0.95,200000,30163,11.03263597,3.949440151
40,100000,100000,0.96,0.95,200000,30510,11.01376134,3.953610788
40,100000,100000,0.95,0.95,200000,30449,10.99165051,3.965311531
40,100000,100000,0.96,0.95,200000,30450,11.01710641,3.944595861
40,100000,100000,0.96,0.95,200000,30398,11.01026497,3.958107249
40,100000,100000,0.96,0.97,200000,30382,10.98176938,3.959135841
45,100000,100000,0.96,0.95,200000,30489,11.00824714,3.949655375
45,100000,100000,0.96,0.91,200000,30257,11.02368595,3.93786718
45,100000,100000,0.96,0.95,200000,30393,11.03386182,3.923165346
45,100000,100000,0.96,0.95,200000,30327,10.97794417,3.935934934
45,100000,100000,0.96,0.95,200000,30297,10.98488417,3.964800842
50,100000,100000,0.95,0.95,200000,30336,11.03483573,3.978801532
50,100000,100000,0.96,0.91,200000,30323,10.9934801,3.961416339
50,100000,100000,0.96,0.95,200000,30518,10.98682649,3.961379869
50,100000,100000,0.95,0.89,200000,30584,10.96649041,3.934001521
50,100000,100000,0.96,0.94,200000,30413,11.00669252,3.947963143
55,100000,100000,0.96,0.95,200000,30125,10.98885286,3.943970238
55,100000,100000,0.95,0.94,200000,30387,11.01879597,3.949216516
55,100000,100000,0.96,0.95,200000,30253,10.97058156,3.940037716
55,100000,100000,0.95,0.92,200000,30414,10.96471794,3.94863249
55,100000,100000,0.96,0.95,200000,30398,10.98313581,3.926604886
60,100000,100000,0.95,0.92,200000,30348,10.9951379,3.938482666
60,100000,100000,0.95,0.94,200000,30311,11.03547689,3.94373627
60,100000,100000,0.96,0.95,200000,30400,11.02436625,3.949811702
60,100000,100000,0.96,0.94,200000,30459,10.99743144,3.934888805
60,100000,100000,0.95,0.95,200000,30284,11.00760172,3.944120378
65,100000,100000,0.96,0.94,200000,30314,10.96771033,3.927843341
65,100000,100000,0.96,0.91,200000,30485,10.95209335,3.953795404
65,100000,100000,0.96,0.91,200000,30427,11.02915441,3.964510545
65,100000,100000,0.98,0.95,200000,30463,10.95574329,3.950916492
65,100000,100000,0.96,0.89,200000,30307,10.99062573,3.948268782
70,100000,100000,0.96,0.94,200000,30356,10.9947495,3.930079753
70,100000,100000,0.96,0.92,200000,30249,11.029146,3.938743699
70,100000,100000,0.96,0.97,200000,30363,11.01347516,3.959570094
70,100000,100000,0.96,0.94,200000,30182,11.00949893,3.936032847
70,100000,100000,0.96,0.92,200000,30333,10.97195082,3.94696073
75,100000,100000,0.96,0.91,200000,30356,11.01001532,3.948168562
75,100000,100000,0.95,0.92,200000,30421,10.95162555,3.931041029
75,100000,100000,0.97,0.94,200000,30182,11.0152271,3.931015044
75,100000,100000,0.96,0.92,200000,30332,10.98419001,3.979752809
75,100000,100000,0.96,0.92,200000,30361,10.95573662,3.967201667
80,100000,100000,0.96,0.91,200000,30480,11.05376709,3.933839734
80,100000,100000,0.96,0.94,200000,30502,10.9733208,3.95167281
80,100000,100000,0.97,0.97,200000,30224,11.04948286,3.950426801
80,100000,100000,0.97,0.94,200000,30484,10.95930574,3.95502673
80,100000,100000,0.96,0.92,200000,30214,10.99298482,3.965643414
85,100000,100000,0.96,0.92,200000,30174,10.96638716,3.947551114
85,100000,100000,0.96,0.92,200000,30424,11.01364288,3.945630759
85,100000,100000,0.97,0.91,200000,30381,10.97749186,3.948480424
85,100000,100000,0.96,0.94,200000,30059,10.98230631,3.97207796
85,100000,100000,0.96,0.88,200000,30239,11.06471513,3.921685749
90,100000,100000,0.97,0.92,200000,30523,10.9947047,3.934558047
90,100000,100000,0.98,0.94,200000,30313,10.97310042,3.972225677
90,100000,100000,0.97,0.91,200000,30536,10.99990267,3.968664288
90,100000,100000,0.97,0.92,200000,30468,10.97189142,3.940804241
90,100000,100000,0.97,0.92,200000,30390,11.02436513,3.949503724
95,100000,100000,0.97,0.86,200000,30417,11.01456248,3.980059741
95,100000,100000,0.97,0.94,200000,30227,10.98828396,3.935246602
95,100000,100000,0.97,0.89,200000,30337,11.00364471,3.931626973
95,100000,100000,0.97,0.91,200000,30125,10.969832,3.928961999
95,100000,100000,0.97,0.91,200000,30213,11.0213009,3.947427035
100,100000,100000,0.97,0.95,200000,30502,10.98390173,3.954182127
100,100000,100000,0.96,0.91,200000,30322,11.00681122,3.97171615
100,100000,100000,0.97,0.88,200000,30107,10.96030566,3.933924429
100,100000,100000,0.97,0.92,200000,30381,11.01736962,3.952398134
100,100000,100000,0.97,0.92,200000,30250,11.00558717,3.956166708
105,100000,100000,0.98,0.92,200000,30509,11.03000584,3.951711426
105,100000,100000,0.97,0.91,200000,30419,11.00844346,3.95181524
105,100000,100000,0.97,0.92,200000,30371,10.97202546,3.92615461
105,100000,100000,0.98,0.95,200000,30299,10.96650904,3.950173418
105,100000,100000,0.97,0.94,200000,30343,10.98982891,3.933074865
110,100000,100000,0.97,0.89,200000,30442,10.94882397,3.957933914
110,100000,100000,0.97,0.89,200000,30549,11.00691624,3.980791183
110,100000,100000,0.97,0.88,200000,30407,10.99010813,3.942449002
110,100000,100000,0.98,0.92,200000,30491,10.95483717,3.924810763
110,100000,100000,0.98,0.92,200000,30392,10.98147572,3.943584052
115,100000,100000,0.98,0.94,200000,30350,11.02625653,3.938159421
115,100000,100000,0.98,0.88,200000,30327,10.9813223,3.957656182
115,100000,100000,0.97,0.92,200000,30396,11.01668974,3.919770151
115,100000,100000,0.97,0.89,200000,30393,11.05080836,3.954972311
115,100000,100000,0.97,0.92,200000,30609,10.99888222,3.944423345
120,100000,100000,0.98,0.89,200000,30343,11.00807996,3.930737609
120,100000,100000,0.97,0.94,200000,30456,10.99023415,3.950441527
120,100000,100000,0.98,0.91,200000,30313,11.00029404,3.959017098
120,100000,100000,0.98,0.89,200000,30495,10.98712901,3.950378466
120,100000,100000,0.98,0.88,200000,30469,11.01854537,3.945458862
125,100000,100000,0.98,0.94,200000,30296,10.97950245,3.941010982
125,100000,100000,0.98,0.75,200000,30189,10.99207828,3.955414166
125,100000,100000,0.98,0.97,200000,30254,10.95610529,3.957402595
125,100000,100000,0.98,0.84,200000,30164,11.01281372,3.973901836
125,100000,100000,0.98,0.69,200000,30276,10.99922219,3.953188678
130,100000,100000,0.97,0.92,200000,30282,10.96797135,3.92980831
130,100000,100000,0.97,0.89,200000,30268,10.96911812,3.946849923
130,100000,100000,0.98,0.84,200000,30323,10.96521904,3.956584166
130,100000,100000,0.97,0.94,200000,30292,10.97158419,3.957396941
130,100000,100000,0.98,0.91,200000,30244,10.9934808,3.938791226
135,100000,100000,0.98,0.94,200000,30327,10.96847084,3.959975733
135,100000,100000,0.98,0.89,200000,30436,11.0325533,3.945478202
135,100000,100000,0.98,0.83,200000,30371,10.9790799,3.948793456
135,100000,100000,0.97,0.94,200000,30498,11.0255749,3.9516655
135,100000,100000,0.97,0.89,200000,30262,11.011123,3.930449
140,100000,100000,0.98,0.91,200000,30273,11.00463522,3.954581132
140,100000,100000,0.98,0.89,200000,30522,10.98433586,3.954878652
140,100000,100000,0.98,0.86,200000,30502,10.98032097,3.95036301
140,100000,100000,0.98,0.88,200000,30279,11.02132594,3.948121507
140,100000,100000,0.98,0.89,200000,30331,11.03557139,3.930771208
145,100000,100000,0.98,0.86,200000,30295,11.00286304,3.926803474
145,100000,100000,0.98,0.91,200000,30328,10.97620482,3.952854374
145,100000,100000,0.99,0.89,200000,30348,11.03244887,3.951167489
145,100000,100000,1,0.91,200000,30411,11.01001469,3.968437876
145,100000,100000,0.98,0.91,200000,30008,10.99820315,3.925850828
150,100000,100000,0.99,0.98,200000,30182,11.00028699,3.942214716
150,100000,100000,0.98,0.92,200000,29997,11.0447976,3.962529212
150,100000,100000,0.98,0.92,200000,30338,10.99634552,3.931116546
150,100000,100000,0.98,0.86,200000,30252,10.97789307,3.957590168
150,100000,100000,0.98,0.89,200000,30483,11.00183605,3.949240546
155,100000,100000,0.99,0.91,200000,30375,11.00001231,3.944994552
155,100000,100000,0.98,0.89,200000,30249,10.97561497,3.972218364
155,100000,100000,0.99,0.94,200000,30249,11.01363007,3.935683301
155,100000,100000,0.99,0.97,200000,30071,11.0034893,3.943755268
155,100000,100000,0.98,0.92,200000,30402,11.05845085,3.930040511
160,100000,100000,0.98,0.92,200000,30409,11.04155446,3.955496084
160,100000,100000,0.99,0.84,200000,30404,10.99789594,3.920359326
160,100000,100000,0.99,0.94,200000,30307,10.98718785,3.945893081
160,100000,100000,0.99,0.84,200000,30265,11.043946,3.924147892
160,100000,100000,0.99,0.86,200000,30260,10.95569423,3.954275494
165,100000,100000,0.99,0.89,200000,30415,11.02739615,3.945326775
165,100000,100000,0.98,0.91,200000,29984,10.99682833,3.960290752
165,100000,100000,0.99,0.89,200000,30408,11.00763879,3.937697666
165,100000,100000,1,0.88,200000,30288,10.97534066,3.944505731
165,100000,100000,0.99,0.88,200000,30355,11.02640291,3.942585374
170,100000,100000,0.99,0.92,200000,30540,10.99498028,3.9205877
170,100000,100000,0.99,0.92,200000,30462,10.98678811,3.954791116
170,100000,100000,0.99,0.92,200000,30140,11.01003088,3.938366172
170,100000,100000,0.99,0.91,200000,30508,10.98303609,3.948336483
170,100000,100000,0.99,0.88,200000,30057,11.00632641,3.950103942
175,100000,100000,0.99,0.88,200000,30301,11.00088662,3.930385586
175,100000,100000,0.99,0.88,200000,30489,10.93900294,3.936191145
175,100000,100000,0.99,0.92,200000,30147,11.00131523,3.937168253
175,100000,100000,0.99,0.94,200000,30268,10.96864016,3.932412132
175,100000,100000,0.99,0.94,200000,30574,11.02282393,3.960764225
180,100000,100000,0.99,0.97,200000,30194,10.97997162,3.942384692
180,100000,100000,1,0.95,200000,30433,10.99804312,3.960141202
180,100000,100000,1,0.89,200000,30244,10.98730655,3.928188214
180,100000,100000,0.99,0.86,200000,30223,11.01707073,3.943054966
180,100000,100000,0.99,0.91,200000,30314,11.00933005,3.947013062
185,100000,100000,0.99,0.89,200000,30402,10.97475626,3.929673249
185,100000,100000,1,0.94,200000,30372,10.98661624,3.941964495
185,100000,100000,1,0.91,200000,30266,10.977578,3.923354381
185,100000,100000,0.99,0.89,200000,30242,10.9748132,3.948152806
185,100000,100000,1,0.91,200000,30555,10.98459668,3.941373583
190,100000,100000,0.99,0.8,200000,30457,10.97125077,3.958082916
190,100000,100000,1,0.91,200000,30210,11.03441424,3.945676668
190,100000,100000,1,0.97,200000,30378,10.9864432,3.941358986
190,100000,100000,1,0.91,200000,30306,10.98327734,3.944213911
190,100000,100000,1,0.83,200000,30663,10.98996635,3.952725954
195,100000,100000,1,0.83,200000,30323,11.02094026,3.955780349
195,100000,100000,1,0.75,200000,30579,11.00801193,3.949849542
195,100000,100000,1,0.81,200000,30298,10.98281671,3.950164475
195,100000,100000,1,0.77,200000,30334,10.99983544,3.941550809
195,100000,100000,1,0.84,200000,30381,11.02893225,3.957822186
200,100000,100000,1,0.89,200000,30092,11.00083062,3.966136303
200,100000,100000,1,0.84,200000,30443,10.95931659,3.952512747
200,100000,100000,1,0.83,200000,30401,10.9794431,3.955613882
200,100000,100000,1.01,0.89,200000,30491,11.00369803,3.9264647
200,100000,100000,1,0.88,200000,30176,10.96073519,3.92933529
205,100000,100000,1,0.86,200000,30390,11.04242364,3.9590914
205,100000,100000,1,0.89,200000,30630,10.99064247,3.919692404
205,100000,100000,1.01,0.91,200000,30405,10.97224224,3.947231872
205,100000,100000,1,0.92,200000,30175,11.00928949,3.959530279
205,100000,100000,1.01,0.84,200000,30407,10.98431042,3.940821981
210,100000,100000,1.01,0.89,200000,30496,10.97654372,3.949352824
210,100000,100000,1.02,0.88,200000,30266,10.99865047,3.954305885
210,100000,100000,1.01,0.94,200000,30091,10.96887264,3.969184241
210,100000,100000,1.01,0.88,200000,30380,11.00344691,3.945622692
210,100000,100000,1.01,0.83,200000,30280,11.02141559,3.960182765
215,100000,100000,1.01,0.91,200000,30604,10.98943269,3.937034862
215,100000,100000,1.01,0.86,200000,30415,11.01003823,3.957571697
215,100000,100000,1.01,0.97,200000,30382,10.96734344,3.943169342
215,100000,100000,1,0.86,200000,30445,10.97541765,3.942895953
215,100000,100000,1,0.94,200000,30215,11.00405695,3.922567715
220,100000,100000,1.01,0.97,200000,30357,10.98597009,3.962759775
220,100000,100000,1.01,0.94,200000,30404,11.01169573,3.952777542
220,100000,100000,1.01,0.91,200000,30346,11.03001797,3.932414327
220,100000,100000,1.01,0.88,200000,30448,11.00199806,3.932990178
220,100000,100000,1.01,0.91,200000,30305,11.00162495,3.964367382
225,100000,100000,1.01,0.97,200000,30214,11.01163778,3.924526132
225,100000,100000,1.01,0.95,200000,30121,10.97064125,3.963263759
225,100000,100000,1.01,0.91,200000,30327,11.03129286,3.967335925
225,100000,100000,1.06,0.98,200000,30233,10.99964178,3.945433215
225,100000,100000,1.01,0.89,200000,30450,10.9937053,3.953568829
230,100000,100000,1.01,0.91,200000,30344,11.02227916,3.942448741
230,100000,100000,1.02,0.94,200000,30375,10.98282915,3.930464459
230,100000,100000,1.01,0.95,200000,30491,11.01731958,3.945978756
230,100000,100000,1.01,0.97,200000,30322,11.00806838,3.938057103
230,100000,100000,1.03,0.88,200000,30060,11.03749582,3.948326518
235,100000,100000,1.01,0.83,200000,30469,10.98752007,3.929500373
235,100000,100000,1.01,0.86,200000,30043,11.00265032,3.95530385
235,100000,100000,1.01,0.88,200000,30327,11.02797438,3.931139859
235,100000,100000,1.01,0.89,200000,30291,10.99691101,3.942530972
235,100000,100000,1.01,0.81,200000,30200,11.02470817,3.953456411
240,100000,100000,1.01,0.81,200000,30438,10.99888705,3.932320965
240,100000,100000,1.02,0.86,200000,30397,10.9722675,3.950058708
240,100000,100000,1.01,0.91,200000,30250,11.02382757,3.959308715
240,100000,100000,1.02,0.78,200000,30346,10.99648055,3.930394011
240,100000,100000,1.02,0.83,200000,30522,10.99488648,3.975978331
245,100000,100000,1.02,0.84,200000,30184,11.00229073,3.941667636
245,100000,100000,1.01,0.78,200000,30309,11.00381752,3.93056971
245,100000,100000,1.01,0.81,200000,29997,10.98892053,3.942022023
245,100000,100000,1.03,0.86,200000,30460,11.0014297,3.973046079
245,100000,100000,1.02,0.86,200000,30270,11.02212259,3.924802426
250,100000,100000,1.02,0.81,200000,30473,10.9829392,3.949709313
250,100000,100000,1.02,0.84,200000,30218,11.02842517,3.946090435
250,100000,100000,1.02,0.88,200000,30287,10.98681831,3.948180349
250,100000,100000,1.02,0.81,200000,29896,11.00874589,3.962246621
250,100000,100000,1.02,0.81,200000,30029,11.0246987,3.923199009
255,100000,100000,1.02,0.8,200000,30396,11.03544781,3.94962231
255,100000,100000,1.02,0.77,200000,30333,10.99903115,3.958575562
255,100000,100000,1.02,0.81,200000,30356,10.99573669,3.954095458
255,100000,100000,1.02,0.78,200000,30091,11.00387922,3.956160409
255,100000,100000,1.02,0.84,200000,30417,11.01289736,3.934581508
260,100000,100000,1.02,0.8,200000,30174,11.01302535,3.960874838
260,100000,100000,1.03,0.86,200000,30369,11.03266266,3.966545015
260,100000,100000,1.02,0.8,200000,30258,11.03830516,3.950982517
260,100000,100000,1.02,1,200000,30541,11.00682557,3.952627022
260,100000,100000,1.02,0.72,200000,30576,10.96641913,3.935592762
265,100000,100000,1.03,0.88,200000,30228,11.02823714,3.960624576
265,100000,100000,1.02,0.86,200000,30286,10.98723969,3.952264639
265,100000,100000,1.02,0.83,200000,30217,11.00777993,3.96396417
265,100000,100000,1.02,0.88,200000,30175,10.98751413,3.951539845
265,100000,100000,1.03,0.89,200000,30254,11.01279237,3.961012968
270,100000,100000,1.03,0.95,200000,30479,10.99888576,3.957336556
270,100000,100000,1.02,0.88,200000,30242,11.01453099,3.941573387
270,100000,100000,1.03,0.86,200000,30000,10.99298006,3.947020443
270,100000,100000,1.02,0.86,200000,30538,10.98573693,3.937457658
270,100000,100000,1.03,0.86,200000,30352,11.00264033,3.951655021
275,100000,100000,1.03,0.92,200000,30454,11.00432288,3.972017137
275,100000,100000,1.03,0.84,200000,30291,11.0182637,3.973965508
275,100000,100000,1.03,0.91,200000,30355,11.00211464,3.928308713
275,100000,100000,1.03,0.86,200000,30341,11.03719943,3.945598238
275,100000,100000,1.04,0.95,200000,30346,11.00299619,3.95213602
280,100000,100000,1.03,0.91,200000,30269,10.9976665,3.946987555
280,100000,100000,1.03,0.88,200000,30308,10.95898653,3.950552106
280,100000,100000,1.03,0.83,200000,30410,11.00033158,3.965045497
280,100000,100000,1.04,0.94,200000,30482,10.99036325,3.933516662
280,100000,100000,1.03,0.84,200000,30395,11.00815299,3.94867979
285,100000,100000,1.03,0.86,200000,30174,11.00944823,3.934923402
285,100000,100000,1.03,0.88,200000,30308,11.0033709,3.971642723
285,100000,100000,1.03,0.92,200000,30267,11.02549463,3.953209306
285,100000,100000,1.03,0.86,200000,30196,11.01515334,3.940020876
285,100000,100000,1.03,0.88,200000,30053,10.99920694,3.987096532
290,100000,100000,1.03,0.89,200000,30369,11.00622446,3.956244252
290,100000,100000,1.03,0.91,200000,30331,10.981114,3.930686442
290,100000,100000,1.03,0.81,200000,30071,11.02160725,3.944061013
290,100000,100000,1.04,0.86,200000,30287,10.98764825,3.935358064
290,100000,100000,1.03,0.86,200000,30195,11.02462595,3.94721946
295,100000,100000,1.04,0.92,200000,30389,11.01630105,3.966575025
295,100000,100000,1.03,0.88,200000,30227,10.96864711,3.956641401
295,100000,100000,1.03,0.88,200000,30359,11.01081369,3.946594181
295,100000,100000,1.03,0.83,200000,30235,10.98550431,3.943132211
295,100000,100000,1.04,0.95,200000,30374,10.93079113,3.94152395
300,100000,100000,1.04,0.94,200000,30347,11.00218573,3.940116498
300,100000,100000,1.04,0.84,200000,30331,11.01411095,3.944383555
300,100000,100000,1.04,0.98,200000,30441,10.99293684,3.946003901
300,100000,100000,1.04,0.88,200000,30439,10.95629856,3.960010283
300,100000,100000,1.03,0.88,200000,30323,10.97570768,3.922364509
305,100000,100000,1.05,0.89,200000,30486,11.05954321,3.919501041
305,100000,100000,1.04,0.95,200000,30582,10.98130321,3.933384763
305,100000,100000,1.04,0.92,200000,30278,11.00733518,3.949060299
305,100000,100000,1.04,0.92,200000,30427,10.98792221,3.944474663
305,100000,100000,1.04,0.89,200000,30148,11.00758201,3.95757348
310,100000,100000,1.04,0.88,200000,30230,10.97290111,3.955864648
310,100000,100000,1.04,0.86,200000,30401,10.98912806,3.971180328
310,100000,100000,1.04,0.86,200000,30367,10.97464915,3.932282134
310,100000,100000,1.05,1,200000,30349,11.02090086,3.940368463
310,100000,100000,1.03,0.91,200000,30442,11.0121272,3.941612858
315,100000,100000,1.04,0.88,200000,30325,10.99974306,3.966753639
315,100000,100000,1.04,0.89,200000,30252,11.03973029,3.934147179
315,100000,100000,1.05,0.89,200000,30315,10.97448931,3.94144698
315,100000,100000,1.04,0.84,200000,30277,10.99767515,3.917007173
315,100000,100000,1.04,0.92,200000,30123,10.97024012,3.949924027
320,100000,100000,1.04,0.84,200000,30294,10.96442487,3.94656386
320,100000,100000,1.04,0.78,200000,30251,11.01012622,3.918633009
320,100000,100000,1.05,0.83,200000,30342,10.9853736,3.945674212
320,100000,100000,1.04,0.86,200000,30534,11.02480507,3.93893146
320,100000,100000,1.04,0.8,200000,30535,11.01430949,3.965609801
325,100000,100000,1.05,0.83,200000,30274,11.00008954,3.953421467
325,100000,100000,1.05,0.83,200000,30397,11.01484101,3.951437899
325,100000,100000,1.04,0.8,200000,30412,10.96756507,3.94348152
325,100000,100000,1.05,0.78,200000,30528,10.98504125,3.942201833
325,100000,100000,1.04,0.72,200000,30223,11.01871428,3.980345692
330,100000,100000,1.05,0.92,200000,30278,11.02594659,3.947104747
330,100000,100000,1.05,0.81,200000,30417,11.00636785,3.94050016
330,100000,100000,1.05,0.84,200000,30357,10.97360122,3.952012557
330,100000,100000,1.05,0.72,200000,30202,11.0260406,3.955563441
330,100000,100000,1.04,0.73,200000,30374,10.99428635,3.947581817
335,100000,100000,1.05,0.97,200000,30335,10.9676535,3.962891494
335,100000,100000,1.05,0.48,200000,30507,11.01838079,3.964472772
335,100000,100000,1.05,0.84,200000,30517,11.00943362,3.935764864
335,100000,100000,1.04,0.53,200000,30162,10.97287222,3.939130603
335,100000,100000,1.05,0.91,200000,30336,10.97733984,3.946128774
340,100000,100000,1.05,0.75,200000,30345,10.99236897,3.943139219
340,100000,100000,1.05,0.86,200000,30226,10.97535501,3.925288824
340,100000,100000,1.05,0.75,200000,30209,10.97628735,3.94713681
340,100000,100000,1.05,0.77,200000,30223,10.99169003,3.935075141
340,100000,100000,1.05,0.77,200000,30170,11.01463671,3.940061406
345,100000,100000,1.05,0.73,200000,30272,10.99006845,3.94086637
345,100000,100000,1.06,0.8,200000,30181,11.01434365,3.953970111
345,100000,100000,1.06,0.77,200000,30356,10.9982061,3.959933816
345,100000,100000,1.05,0.77,200000,30188,10.99167857,3.936587663
345,100000,100000,1.06,0.72,200000,30232,10.97335181,3.937080441
350,100000,100000,1.06,0.77,200000,30273,10.97885617,3.967536038
350,100000,100000,1.05,0.75,200000,30215,11.00776496,3.931966984
350,100000,100000,1.05,0.78,200000,30209,11.03304846,3.928342974
350,100000,100000,1.06,0.75,200000,30513,10.99894693,3.942275617
350,100000,100000,1.05,0.81,200000,30492,11.01028447,3.960971461
355,100000,100000,1.05,0.86,200000,30365,10.96482975,3.909869278
355,100000,100000,1.05,0.8,200000,30235,11.01468171,3.934058461
355,100000,100000,1.05,0.92,200000,30346,11.00059918,3.939009664
355,100000,100000,1.06,0.83,200000,30130,11.02140466,3.935064423
355,100000,100000,1.06,0.78,200000,30516,10.99791347,3.947691666
360,100000,100000,1.06,0.86,200000,30328,11.0110949,3.960380148
360,100000,100000,1.06,0.98,200000,30577,11.02634779,3.954775453
360,100000,100000,1.06,0.94,200000,30550,10.98161965,3.935093288
360,100000,100000,1.06,0.81,200000,30491,11.02395445,3.942092227
360,100000,100000,1.06,0.78,200000,30359,10.96301622,3.95764828
365,100000,100000,1.06,0.86,200000,30195,11.00697453,3.953031081
365,100000,100000,1.06,0.83,200000,30281,10.98794819,3.965075792
365,100000,100000,1.06,0.83,200000,30335,10.98101055,3.941911222
365,100000,100000,1.06,0.83,200000,30508,10.97445236,3.97045118
365,100000,100000,1.06,0.89,200000,30289,11.00155572,3.950873738
370,100000,100000,1.07,0.8,200000,30176,11.00346584,3.957514156
370,100000,100000,1.06,0.86,200000,30303,11.00673636,3.944637816
370,100000,100000,1.06,0.91,200000,30441,10.9730251,3.950391289
370,100000,100000,1.06,0.78,200000,30410,11.0115216,3.95217723
370,100000,100000,1.06,0.88,200000,30421,11.02163888,3.924791259
375,100000,100000,1.06,0.83,200000,30242,11.03096309,3.96619787
375,100000,100000,1.06,0.81,200000,30284,10.98925594,3.951554856
375,100000,100000,1.07,0.72,200000,30363,11.00611032,3.95460369
375,100000,100000,1.06,0.83,200000,30412,10.96960293,3.939445556
375,100000,100000,1.06,0.77,200000,30489,10.97681273,3.948456042
380,100000,100000,1.06,0.78,200000,30335,11.00218331,3.949816422
380,100000,100000,1.07,0.88,200000,30360,10.94798035,3.933613173
380,100000,100000,1.06,0.8,200000,30191,11.00377233,3.943609564
380,100000,100000,1.08,0.86,200000,30582,11.01648989,3.944082558
380,100000,100000,1.07,0.8,200000,30277,10.99608398,3.952973522
385,100000,100000,1.06,0.83,200000,30364,10.97789814,3.938923778
385,100000,100000,1.07,0.91,200000,30316,10.9795932,3.92833561
385,100000,100000,1.06,0.89,200000,30251,10.99418707,3.951532948
385,100000,100000,1.06,0.89,200000,30466,10.95582121,3.941012291
385,100000,100000,1.06,0.98,200000,30363,10.99645375,3.965174764
390,100000,100000,1.07,0.95,200000,30427,11.00363148,3.936130117
390,100000,100000,1.06,0.91,200000,30559,11.02246934,3.950762447
390,100000,100000,1.06,0.88,200000,30302,10.98304205,3.963513178
390,100000,100000,1.07,0.83,200000,30259,11.00068048,3.957176964
390,100000,100000,1.07,0.91,200000,30401,11.0190184,3.944051666
395,100000,100000,1.08,0.92,200000,30310,10.98469612,3.957746222
395,100000,100000,1.07,0.83,200000,30552,10.98097573,3.96023555
395,100000,100000,1.07,0.84,200000,30382,10.99564251,3.955790811
395,100000,100000,1.07,0.91,200000,30310,10.96041319,3.956972979
395,100000,100000,1.07,0.92,200000,29996,10.99977477,3.967393094
400,100000,100000,1.07,0.91,200000,30365,11.00413359,3.946319936
400,100000,100000,1.07,0.97,200000,30318,10.98707865,3.944299954
400,100000,100000,1.07,0.91,200000,30326,10.96742745,3.957786153
400,100000,100000,1.09,0.86,200000,30436,11.0015273,3.97445321
400,100000,100000,1.07,0.8,200000,30385,11.01476417,3.95060718
405,100000,100000,1.07,0.83,200000,30307,11.01171896,3.965267839
405,100000,100000,1.09,1,200000,30351,10.99318108,3.939217526
405,100000,100000,1.08,0.81,200000,30388,11.01556292,3.936569314
405,100000,100000,1.07,0.86,200000,30261,11.01985388,3.952850216
405,100000,100000,1.07,0.77,200000,30240,10.96433562,3.955825091
410,100000,100000,1.08,0.98,200000,30272,11.07183327,3.981784896
410,100000,100000,1.07,0.75,200000,30456,11.01560246,3.951772552
410,100000,100000,1.08,0.78,200000,30407,11.02091563,3.924078193
410,100000,100000,1.07,0.92,200000,30151,10.98782898,3.949254797
410,100000,100000,1.07,0.98,200000,30394,11.0179725,3.957777814
415,100000,100000,1.08,0.91,200000,30245,11.0264496,3.930386246
415,100000,100000,1.07,0.97,200000,30272,10.95390453,3.937541963
415,100000,100000,1.08,0.91,200000,30211,10.9762225,3.928475574
415,100000,100000,1.07,0.86,200000,30587,11.01113274,3.929483239
415,100000,100000,1.07,0.91,200000,30329,11.01506952,3.956303535
420,100000,100000,1.08,0.83,200000,30409,10.99497258,3.918123649
420,100000,100000,1.07,0.84,200000,30213,11.06289515,3.937927141
420,100000,100000,1.08,0.91,200000,30433,10.98629652,3.93659401
420,100000,100000,1.09,0.95,200000,29995,10.9720313,3.937702418
420,100000,100000,1.08,0.81,200000,30437,11.00525089,3.94906182
425,100000,100000,1.09,0.91,200000,30370,11.05749196,3.923058929
425,100000,100000,1.08,0.84,200000,30464,11.01204611,3.955004904
425,100000,100000,1.08,0.91,200000,30108,11.0147244,3.955497948
425,100000,100000,1.08,0.81,200000,30451,11.0262075,3.958577943
425,100000,100000,1.1,0.84,200000,30249,11.03362463,3.953977106
430,100000,100000,1.08,0.88,200000,30334,10.99761596,3.958369836
430,100000,100000,1.08,0.84,200000,30326,11.01250312,3.959013799
430,100000,100000,1.08,0.94,200000,30141,11.01630525,3.960097785
430,100000,100000,1.08,0.86,200000,30342,11.04876045,3.94552656
430,100000,100000,1.08,0.89,200000,30271,10.98398339,3.934832363
435,100000,100000,1.1,0.91,200000,30326,11.00339392,3.947228252
435,100000,100000,1.08,0.92,200000,30088,11.04824613,3.936412947
435,100000,100000,1.08,0.88,200000,30259,11.02819181,3.956857797
435,100000,100000,1.08,0.84,200000,30278,10.99588151,3.937597754
435,100000,100000,1.08,0.86,200000,30426,10.95660313,3.933997974
440,100000,100000,1.08,0.88,200000,30274,10.99207631,3.957791008
440,100000,100000,1.09,0.92,200000,30300,11.00620927,3.932939716
440,100000,100000,1.08,0.88,200000,30341,11.01335208,3.937377249
440,100000,100000,1.08,0.91,200000,30329,11.02471038,3.944867
440,100000,100000,1.08,0.97,200000,30407,10.9960946,3.973819144
445,100000,100000,1.09,0.94,200000,30402,10.97714048,3.971816348
445,100000,100000,1.08,0.98,200000,30140,11.03335143,3.942831339
445,100000,100000,1.09,0.92,200000,30505,10.99175464,3.933533484
445,100000,100000,1.09,0.88,200000,30300,10.9837158,3.960609038
445,100000,100000,1.08,0.97,200000,30421,10.98662098,3.920988174
450,100000,100000,1.09,0.89,200000,30399,11.01903099,3.935290046
450,100000,100000,1.09,0.88,200000,30146,11.00307825,3.929963247
450,100000,100000,1.09,0.94,200000,30373,10.96955473,3.955181295
450,100000,100000,1.09,0.86,200000,30286,11.00348023,3.979712461
450,100000,100000,1.09,0.86,200000,30194,10.96422083,3.97828626
455,100000,100000,1.09,0.95,200000,30262,10.9789914,3.94853162
455,100000,100000,1.08,0.91,200000,30339,11.01146328,3.955995064
455,100000,100000,1.09,0.95,200000,30426,11.0159554,3.932710302
455,100000,100000,1.09,0.94,200000,30188,11.00345621,3.975570559
455,100000,100000,1.09,0.97,200000,30228,11.02807128,3.953494046
460,100000,100000,1.09,0.97,200000,30123,10.98188263,3.952515074
460,100000,100000,1.09,0.86,200000,30067,11.0057636,3.953257037
460,100000,100000,1.09,0.94,200000,30355,10.98724477,3.947612415
460,100000,100000,1.09,1.02,200000,30586,10.98033992,3.945051343
460,100000,100000,1.09,0.92,200000,29951,10.99603681,3.947299107
465,100000,100000,1.09,1.02,200000,30152,11.05152568,3.971913191
465,100000,100000,1.09,1,200000,30340,10.96137427,3.948876707
465,100000,100000,1.09,0.94,200000,30248,10.99368153,3.961034242
465,100000,100000,1.09,1,200000,30118,11.03430542,3.943049019
465,100000,100000,1.09,0.97,200000,30435,11.00808758,3.943496137
470,100000,100000,1.1,0.95,200000,30288,10.98894583,3.93425231
470,100000,100000,1.11,0.95,200000,30279,11.01320937,3.957933713
470,100000,100000,1.09,0.92,200000,30343,11.00749623,3.940954284
470,100000,100000,1.09,0.97,200000,30411,10.97124761,3.927798205
470,100000,100000,1.1,1.03,200000,30641,11.03141951,3.945854781
475,100000,100000,1.1,0.84,200000,30144,11.0077577,3.930325511
475,100000,100000,1.09,0.86,200000,30311,11.04857861,3.949624
475,100000,100000,1.11,0.88,200000,30134,10.97632207,3.934870866
475,100000,100000,1.1,0.91,200000,30441,11.00627404,3.95548564
475,100000,100000,1.09,0.83,200000,29898,10.98384948,3.962316647
480,100000,100000,1.1,0.69,200000,30344,11.01250407,3.943819391
480,100000,100000,1.1,0.8,200000,30380,11.02183633,3.949690978
480,100000,100000,1.09,0.73,200000,30158,11.00371884,3.946657287
480,100000,100000,1.1,0.66,200000,30328,10.96263315,3.95987883
480,100000,100000,1.1,0.7,200000,30538,11.0042813,3.932752634
485,100000,100000,1.1,0.72,200000,30447,10.97526034,3.950124651
485,100000,100000,1.1,0.64,200000,30390,10.96573113,3.957830064
485,100000,100000,1.1,0.73,200000,30467,11.01065537,3.958971321
485,100000,100000,1.1,0.62,200000,30333,10.96801348,3.935616101
485,100000,100000,1.1,0.69,200000,30508,10.99657268,3.935423179
490,100000,100000,1.1,0.47,200000,30110,10.99797295,3.952584083
490,100000,100000,1.11,0.58,200000,30455,11.02007428,3.9752193
490,100000,100000,1.1,0.41,200000,30256,11.01430934,3.939423386
490,100000,100000,1.1,0.75,200000,30470,10.99322059,3.944582064
490,100000,100000,1.1,0.56,200000,30256,11.05926339,3.943205503
495,100000,100000,1.1,0.55,200000,30436,10.96084757,3.974331305
495,100000,100000,1.1,0.59,200000,30221,11.0278592,3.93234069
495,100000,100000,1.12,0.84,200000,30191,11.03133225,3.921053242
495,100000,100000,1.1,0.75,200000,30225,11.01704843,3.94271225
495,100000,100000,1.1,0.58,200000,30247,11.03481949,3.972286971
500,100000,100000,1.1,0.86,200000,30319,11.02930524,3.962309296
500,100000,100000,1.1,0.75,200000,30360,11.00119063,3.969325174
500,100000,100000,1.1,0.77,200000,30299,10.99763097,3.973388246
500,100000,100000,1.1,0.64,200000,30347,10.97918952,3.942132902
500,100000,100000,1.1,0.78,200000,30209,10.99478043,3.96335332
1,1000000,1000000,16.67,16.66,2000000,303376,10.99169679,3.941356298
1,1000000,1000000,16.41,16.38,2000000,303660,10.99040497,3.954228517
1,1000000,1000000,16.51,16.5,2000000,303608,10.99286433,3.934991806
1,1000000,1000000,16.53,16.53,2000000,304329,10.99682105,3.943723377
1,1000000,1000000,16.56,16.56,2000000,303877,10.99994909,3.940081692
5,1000000,1000000,19.67,17.39,2000000,304256,11.00396479,3.948700042
5,1000000,1000000,19.45,17.14,2000000,303627,11.00102307,3.946064532
5,1000000,1000000,19.58,17.28,2000000,303583,11.00259879,3.951411344
5,1000000,1000000,19.27,17.27,2000000,304234,10.99506555,3.936343214
5,1000000,1000000,19.43,17.38,2000000,303210,11.01544852,3.947873411
10,1000000,1000000,18.97,17.27,2000000,303771,10.99918979,3.953348032
10,1000000,1000000,19.38,17.55,2000000,303880,10.99319811,3.941073771
10,1000000,1000000,19.55,17.62,2000000,303155,11.00441079,3.940512787
10,1000000,1000000,19.66,17.91,2000000,303891,10.99618754,3.951852037
10,1000000,1000000,19.18,17.02,2000000,304795,10.99414825,3.949108571
15,1000000,1000000,19.95,18.84,2000000,303838,10.99106943,3.944758152
15,1000000,1000000,20.29,20.53,2000000,303732,10.99605042,3.941607463
15,1000000,1000000,19.09,17.3,2000000,304281,11.01098163,3.950149848
15,1000000,1000000,18.4,16.83,2000000,303879,11.00466716,3.952716366
15,1000000,1000000,18.42,16.62,2000000,303850,11.0043589,3.943849532
20,1000000,1000000,19.65,17.7,2000000,303985,10.98913565,3.946504218
20,1000000,1000000,19.49,17.75,2000000,304049,11.00695654,3.943094735
20,1000000,1000000,19.33,17.06,2000000,303771,11.01794742,3.945145554
20,1000000,1000000,19.65,17.86,2000000,303290,10.99502892,3.941546833
20,1000000,1000000,19.42,17.95,2000000,303714,10.99739459,3.951151868
25,1000000,1000000,19.17,17.38,2000000,303003,10.99454586,3.941749667
25,1000000,1000000,14.7,14.16,2000000,303407,10.99942675,3.94231886
25,1000000,1000000,19.45,17.66,2000000,303790,11.0010468,3.94058245
25,1000000,1000000,19.27,17.31,2000000,302808,11.00038674,3.947127786
25,1000000,1000000,19.63,17.72,2000000,304067,10.99203474,3.949712189
30,1000000,1000000,19.43,17.66,2000000,303533,11.01237259,3.948142382
30,1000000,1000000,17.75,16,2000000,303650,11.00046034,3.942430623
30,1000000,1000000,19.12,17.12,2000000,303444,11.00325158,3.949411604
30,1000000,1000000,19.57,17.78,2000000,304254,11.01048127,3.953914076
30,1000000,1000000,18.94,17.39,2000000,303419,10.99695538,3.950001802
35,1000000,1000000,19.62,17.94,2000000,303815,11.00129047,3.94248868
35,1000000,1000000,16.67,15.45,2000000,303456,11.01539391,3.949090392
35,1000000,1000000,14.88,13.91,2000000,303943,11.01204715,3.951818962
35,1000000,1000000,19.04,17.33,2000000,303552,10.99038165,3.944594594
35,1000000,1000000,19.21,17.27,2000000,303339,10.9993841,3.954855319
40,1000000,1000000,15.93,15.03,2000000,303500,10.99498879,3.94267745
40,1000000,1000000,16.11,15.45,2000000,303202,11.00454727,3.953604806
40,1000000,1000000,16.67,15.56,2000000,303845,10.98929873,3.943766284
40,1000000,1000000,18.86,17.03,2000000,303824,10.99306189,3.943290752
40,1000000,1000000,19.48,17.75,2000000,302949,11.00735447,3.945579833
45,1000000,1000000,17.4,15.89,2000000,303431,11.00044525,3.946106644
45,1000000,1000000,15.84,14.88,2000000,303844,11.00562259,3.948494102
45,1000000,1000000,18.94,17.14,2000000,303750,11.00322786,3.945581004
45,1000000,1000000,18.72,16.91,2000000,303646,11.002711,3.946176971
45,1000000,1000000,19.02,17.2,2000000,303793,11.00365556,3.946457512
50,1000000,1000000,16.65,15.45,2000000,303743,10.99708438,3.949895148
50,1000000,1000000,19.62,18.28,2000000,303435,11.0029083,3.948545511
50,1000000,1000000,16.07,14.83,2000000,303564,10.99076817,3.951563057
50,1000000,1000000,19.51,17.48,2000000,303122,10.99189122,3.945251044
50,1000000,1000000,17.57,15.55,2000000,303967,10.9962134,3.938380581
55,1000000,1000000,17.79,16.23,2000000,303210,11.0028018,3.952769235
55,1000000,1000000,17.36,15.92,2000000,302879,10.99288121,3.940963467
55,1000000,1000000,18.88,17.67,2000000,303441,10.99712737,3.946907807
55,1000000,1000000,19.36,17.69,2000000,303754,10.99399816,3.94377899
55,1000000,1000000,16.96,15.94,2000000,303569,10.99431579,3.942975894
60,1000000,1000000,19.11,17.08,2000000,303592,10.9939109,3.945034119
60,1000000,1000000,18.55,16.86,2000000,304281,10.99188818,3.946058381
60,1000000,1000000,18,16.67,2000000,302924,10.98570074,3.94669713
60,1000000,1000000,18.11,17.17,2000000,303551,10.99911031,3.944957625
60,1000000,1000000,19.57,17.83,2000000,303487,10.99622004,3.944292339
65,1000000,1000000,18.99,17.19,2000000,303896,10.9961107,3.938901022
65,1000000,1000000,16.5,15.2,2000000,303125,11.01218658,3.946792949
65,1000000,1000000,18.35,16.69,2000000,303147,11.00175294,3.937885022
65,1000000,1000000,16.2,15.03,2000000,303520,10.99980373,3.948202729
65,1000000,1000000,15.31,14.42,2000000,303746,11.00168425,3.940055217
70,1000000,1000000,18.79,17.11,2000000,303575,11.00940644,3.948034224
70,1000000,1000000,19.26,17.5,2000000,304352,10.99258856,3.947461913
70,1000000,1000000,19.56,17.81,2000000,303864,11.01695627,3.945966878
70,1000000,1000000,18.37,16.5,2000000,304363,10.99137532,3.942823308
70,1000000,1000000,19.16,17.72,2000000,303547,10.99680986,3.944889655
75,1000000,1000000,17.44,15.98,2000000,303705,10.99721531,3.94316642
75,1000000,1000000,19.12,17.41,2000000,303575,11.00096296,3.9538174
75,1000000,1000000,18.24,17.14,2000000,303203,11.00036993,3.943078402
75,1000000,1000000,19.67,17.8,2000000,303506,11.00404681,3.949488547
75,1000000,1000000,17.81,16.33,2000000,303482,10.99632108,3.9392733
80,1000000,1000000,18.02,16.33,2000000,303402,10.99830694,3.945845854
80,1000000,1000000,18.53,16.91,2000000,304279,11.00850539,3.948218285
80,1000000,1000000,16.02,14.62,2000000,303036,10.99856951,3.947294704
80,1000000,1000000,19.68,18.03,2000000,303135,10.99399793,3.950983711
80,1000000,1000000,17.82,16.45,2000000,303164,11.01628987,3.949530202
85,1000000,1000000,18.34,16.95,2000000,303618,10.999245,3.94135463
85,1000000,1000000,17.44,15.84,2000000,303445,10.99853816,3.943561591
85,1000000,1000000,19.64,17.67,2000000,303119,11.00287087,3.94591028
85,1000000,1000000,19.04,17.5,2000000,303725,11.00006615,3.941325431
85,1000000,1000000,19.22,17.56,2000000,303812,10.99365329,3.941961452
90,1000000,1000000,18.96,16.78,2000000,303601,10.98943536,3.943293412
90,1000000,1000000,12.44,11.92,2000000,303172,11.00084152,3.944608043
90,1000000,1000000,17.41,15.67,2000000,303632,10.99457507,3.942309257
90,1000000,1000000,19.3,17.84,2000000,303960,10.99832606,3.948031868
90,1000000,1000000,19.55,17.73,2000000,303202,10.99711575,3.947511255
95,1000000,1000000,17.98,16.61,2000000,303818,10.99187478,3.939877546
95,1000000,1000000,19.43,17.73,2000000,303743,11.0010104,3.945784636
95,1000000,1000000,19.75,18.83,2000000,303909,11.00365975,3.951907405
95,1000000,1000000,18.63,16.83,2000000,304286,10.9994346,3.943856321
95,1000000,1000000,15.06,14.22,2000000,303936,11.00565161,3.951658511
100,1000000,1000000,19.08,17.38,2000000,303954,10.99648348,3.947177289
100,1000000,1000000,19.17,17.44,2000000,303573,11.00208312,3.946420999
100,1000000,1000000,16.41,14.89,2000000,303413,10.98592112,3.948553933
100,1000000,1000000,17.92,16.77,2000000,303917,10.99712896,3.946597008
100,1000000,1000000,18.9,17.06,2000000,303517,11.00473302,3.949599289
105,1000000,1000000,19.24,17.55,2000000,304116,11.00000908,3.94465258
105,1000000,1000000,18.65,17.14,2000000,303682,10.99532966,3.948078602
105,1000000,1000000,14.49,13.69,2000000,304153,11.00468611,3.944765523
105,1000000,1000000,19.3,17.62,2000000,303943,10.99473886,3.949463484
105,1000000,1000000,19.09,17.48,2000000,303452,11.00223644,3.935920793
110,1000000,1000000,15.24,14.58,2000000,303916,10.99611512,3.950274902
110,1000000,1000000,19.51,17.53,2000000,303251,10.99533759,3.950791074
110,1000000,1000000,17.51,16.14,2000000,303522,10.99064031,3.951838314
110,1000000,1000000,14.25,13.95,2000000,303518,11.00092317,3.950989475
110,1000000,1000000,19.33,17.09,2000000,304128,10.98231683,3.937495628
115,1000000,1000000,16.04,14.83,2000000,304606,10.99865578,3.94534453
115,1000000,1000000,19.66,17.91,2000000,303332,11.01050392,3.94449554
115,1000000,1000000,18.21,16.56,2000000,304165,10.98948107,3.949597521
115,1000000,1000000,11.93,11.52,2000000,303601,10.99412475,3.943127798
115,1000000,1000000,18.52,17.34,2000000,302765,10.99740075,3.944308284
120,1000000,1000000,10.94,10.78,2000000,304008,11.00620025,3.953389726
120,1000000,1000000,18.89,16.95,2000000,304230,10.99081991,3.943362243
120,1000000,1000000,16.6,15.2,2000000,303729,11.00175846,3.943406037
120,1000000,1000000,17.7,16.02,2000000,303626,10.99228176,3.941657523
120,1000000,1000000,17.47,16.22,2000000,302951,11.00532762,3.943549097
125,1000000,1000000,15.88,14.95,2000000,303942,11.00196791,3.9485699
125,1000000,1000000,19.52,17.53,2000000,303388,11.00005418,3.947543846
125,1000000,1000000,19.24,17.77,2000000,303319,10.99548429,3.936776839
125,1000000,1000000,19.61,18,2000000,303082,10.9970036,3.955306246
125,1000000,1000000,18.59,17.11,2000000,303411,11.0011576,3.947590181
130,1000000,1000000,18.93,17.41,2000000,303897,10.99986929,3.949090202
130,1000000,1000000,15.62,14.72,2000000,303532,10.99274418,3.943591098
130,1000000,1000000,18.88,17.7,2000000,304604,10.99951255,3.949248385
130,1000000,1000000,14.2,13.33,2000000,303575,11.00409246,3.951488305
130,1000000,1000000,18.74,17.14,2000000,303347,11.00737204,3.953475897
135,1000000,1000000,19.57,18.2,2000000,304326,11.00368643,3.946856671
135,1000000,1000000,16.69,15.31,2000000,303640,11.00059318,3.948433453
135,1000000,1000000,15.59,14.58,2000000,303436,10.99226884,3.948050624
135,1000000,1000000,14.86,14.67,2000000,303340,11.00182257,3.937695472
135,1000000,1000000,17.16,16.12,2000000,303857,10.99662601,3.94673027
140,1000000,1000000,15.92,14.97,2000000,303182,10.99977151,3.948227177
140,1000000,1000000,15.99,14.97,2000000,304463,11.00214138,3.942012447
140,1000000,1000000,18.02,16.61,2000000,303270,10.99969413,3.947338792
140,1000000,1000000,18.97,17.61,2000000,302733,11.00300713,3.94967493
140,1000000,1000000,17.73,16.03,2000000,303783,11.00503509,3.945617222
145,1000000,1000000,13.98,12.86,2000000,303343,10.98804967,3.942676057
145,1000000,1000000,14.7,13.88,2000000,303248,10.99717285,3.947563473
145,1000000,1000000,13.06,12.25,2000000,303476,11.01108922,3.953987172
145,1000000,1000000,14.74,14.03,2000000,303148,11.00699037,3.942046556
145,1000000,1000000,15.67,14.44,2000000,303106,10.98839947,3.947102648
150,1000000,1000000,15.22,14.25,2000000,303340,10.99199194,3.941743067
150,1000000,1000000,10.03,10,2000000,303688,10.98518984,3.939135355
150,1000000,1000000,19.66,17.86,2000000,303979,10.99984581,3.954627275
150,1000000,1000000,15.18,14.11,2000000,303918,10.99174672,3.948178046
150,1000000,1000000,17.41,16.2,2000000,303911,11.00061675,3.941754927
155,1000000,1000000,18.01,17.06,2000000,303338,11.00142396,3.943028335
155,1000000,1000000,17.98,16.23,2000000,302970,11.00618642,3.94273249
155,1000000,1000000,9.97,9.91,2000000,303474,11.00912463,3.949644617
155,1000000,1000000,18.22,17.12,2000000,303523,11.00744836,3.955838757
155,1000000,1000000,15.82,14.88,2000000,303403,10.99682193,3.943402993
160,1000000,1000000,13.94,13.17,2000000,303406,10.99544291,3.946263999
160,1000000,1000000,14.08,13.25,2000000,303924,11.00823979,3.9442026
160,1000000,1000000,19.2,17.27,2000000,303738,11.0083752,3.950240352
160,1000000,1000000,16.63,15.55,2000000,304210,11.00278154,3.949062244
160,1000000,1000000,15.17,14.12,2000000,303503,11.00224616,3.952940632
165,1000000,1000000,17.89,16.44,2000000,302533,10.98878937,3.952354944
165,1000000,1000000,18.65,17.34,2000000,304010,10.98881145,3.949978151
165,1000000,1000000,17.53,15.92,2000000,303221,10.99537251,3.946724061
165,1000000,1000000,17.05,15.84,2000000,303256,10.99084623,3.939925329
165,1000000,1000000,15.59,14.56,2000000,303979,11.00648813,3.94455002
170,1000000,1000000,15.37,14.38,2000000,303349,11.01329005,3.955535502
170,1000000,1000000,18.58,17.39,2000000,303590,11.00720683,3.942962257
170,1000000,1000000,18.42,17.17,2000000,304054,10.99941916,3.943190405
170,1000000,1000000,13.04,12.58,2000000,304086,10.99385486,3.945244258
170,1000000,1000000,18.08,16.91,2000000,304405,10.98889789,3.947899604
175,1000000,1000000,9.91,9.8,2000000,303544,10.99855886,3.936884325
175,1000000,1000000,18.8,17.02,2000000,303454,10.98971629,3.950155003
175,1000000,1000000,12.43,11.86,2000000,303204,11.00131879,3.941955523
175,1000000,1000000,13.07,12.45,2000000,303597,11.00338985,3.944597646
175,1000000,1000000,18.67,17.23,2000000,302901,10.99898254,3.943468808
180,1000000,1000000,15.94,14.61,2000000,302858,11.01742781,3.944501592
180,1000000,1000000,14.88,14.12,2000000,303717,10.98938017,3.941127247
180,1000000,1000000,15.85,14.83,2000000,302438,11.0109533,3.942340619
180,1000000,1000000,18.66,17.12,2000000,303532,11.00895177,3.94309611
180,1000000,1000000,17.43,16.23,2000000,303273,10.98692346,3.941552749
185,1000000,1000000,9.83,9.77,2000000,304324,11.00353176,3.948454646
185,1000000,1000000,17.71,16.31,2000000,303826,10.99843148,3.943147366
185,1000000,1000000,19.04,18.11,2000000,303425,10.98872077,3.94073094
185,1000000,1000000,15.79,14.84,2000000,303661,10.99902512,3.949734059
185,1000000,1000000,18.56,17.33,2000000,304255,10.99717035,3.945014707
190,1000000,1000000,17.3,15.84,2000000,303360,11.00711174,3.951447388
190,1000000,1000000,16.28,14.83,2000000,303038,10.99532571,3.948566348
190,1000000,1000000,15.43,14.56,2000000,303324,11.00493963,3.946951839
190,1000000,1000000,15.6,14.5,2000000,303825,11.00769115,3.946597828
190,1000000,1000000,13.46,12.41,2000000,304060,10.99660348,3.953092752
195,1000000,1000000,13.43,12.53,2000000,303365,10.99685169,3.942811749
195,1000000,1000000,19.29,17.77,2000000,304158,10.99645502,3.945984764
195,1000000,1000000,17.23,16.41,2000000,303400,11.00339789,3.945205522
195,1000000,1000000,15.27,14.36,2000000,303564,10.98830984,3.950409797
195,1000000,1000000,19.46,18.12,2000000,303750,10.98589497,3.949091061
200,1000000,1000000,9.75,9.72,2000000,303117,10.99985038,3.943949224
200,1000000,1000000,16.38,15.19,2000000,303967,11.00422133,3.944237572
200,1000000,1000000,10.45,10.25,2000000,303631,11.00647026,3.950774578
200,1000000,1000000,19.16,17.86,2000000,304184,11.00271558,3.943704647
200,1000000,1000000,15.33,14.14,2000000,303774,11.00556758,3.942807509
205,1000000,1000000,16.64,15.78,2000000,303738,11.00300966,3.944930529
205,1000000,1000000,10.79,10.56,2000000,302554,11.00377077,3.950562649
205,1000000,1000000,11.4,10.92,2000000,303240,11.00807105,3.94855431
205,1000000,1000000,17.61,16.28,2000000,303551,10.99648821,3.946119808
205,1000000,1000000,10.93,10.67,2000000,303238,11.0075834,3.94621383
210,1000000,1000000,19.42,17.55,2000000,304134,11.00851831,3.950575878
210,1000000,1000000,16.03,15.05,2000000,303674,11.00906204,3.948631094
210,1000000,1000000,17.58,16.36,2000000,303345,10.98797433,3.942407343
210,1000000,1000000,18.48,17.38,2000000,303971,11.01154937,3.949971469
210,1000000,1000000,14.59,13.53,2000000,303801,11.00629758,3.951647759
215,1000000,1000000,14.62,13.52,2000000,304031,11.0043422,3.95185559
215,1000000,1000000,16.82,15.7,2000000,303575,11.01110598,3.943102855
215,1000000,1000000,17.04,15.59,2000000,303642,11.00187396,3.948613913
215,1000000,1000000,17.62,16.2,2000000,303423,11.00629468,3.944756321
215,1000000,1000000,12,11.59,2000000,303484,10.9931454,3.945165544
220,1000000,1000000,15.95,14.34,2000000,304197,11.0031766,3.943157999
220,1000000,1000000,18.8,17.42,2000000,303088,10.9939792,3.940061653
220,1000000,1000000,19.18,18.11,2000000,303767,10.98887226,3.942617609
220,1000000,1000000,19.36,18.33,2000000,303491,10.99246927,3.952301574
220,1000000,1000000,18.65,17.08,2000000,303006,11.00154465,3.945944837
225,1000000,1000000,17.46,16.41,2000000,303143,11.00883695,3.949150146
225,1000000,1000000,16.53,15.42,2000000,303499,10.99748782,3.952223108
225,1000000,1000000,10.18,10,2000000,302984,10.99003442,3.946558886
225,1000000,1000000,16.74,15.52,2000000,304046,11.00532148,3.948226969
225,1000000,1000000,15.85,14.69,2000000,303952,10.9966114,3.941296553
230,1000000,1000000,16.61,15.31,2000000,304297,11.00412863,3.946702445
230,1000000,1000000,13.59,13.28,2000000,303251,10.99937406,3.945335945
230,1000000,1000000,16.06,14.88,2000000,303527,11.00595963,3.949011409
230,1000000,1000000,9.67,9.62,2000000,303010,10.99171674,3.948523869
230,1000000,1000000,17.93,16.95,2000000,303735,10.99188393,3.948333609
235,1000000,1000000,16.04,14.94,2000000,303693,11.01685644,3.948373137
235,1000000,1000000,9.7,9.61,2000000,302284,11.00449288,3.939491666
235,1000000,1000000,16.59,15.52,2000000,303698,11.01550754,3.943264879
235,1000000,1000000,17.75,16.53,2000000,303844,10.99912806,3.950845823
235,1000000,1000000,17.16,16.2,2000000,304015,10.99969929,3.944805532
240,1000000,1000000,16.48,15.52,2000000,303270,11.00358555,3.942504849
240,1000000,1000000,18.68,17.41,2000000,303507,11.01011931,3.948913824
240,1000000,1000000,19.39,18.14,2000000,303778,11.00572844,3.952772785
240,1000000,1000000,18.41,17.42,2000000,303440,10.99811566,3.949516682
240,1000000,1000000,19.31,18.2,2000000,303934,10.99429854,3.947356724
245,1000000,1000000,18.26,16.73,2000000,303167,11.00772853,3.950928502
245,1000000,1000000,16.23,15.27,2000000,303737,10.98865037,3.942556556
245,1000000,1000000,11.89,11.3,2000000,303676,11.00344181,3.949214451
245,1000000,1000000,17.18,16.14,2000000,303253,10.99246272,3.941733845
245,1000000,1000000,14.45,13.33,2000000,303815,10.99480454,3.946486205
250,1000000,1000000,10.05,9.84,2000000,303372,11.01145637,3.941087195
250,1000000,1000000,13,12.64,2000000,303713,11.00082775,3.948458382
250,1000000,1000000,12.7,12.2,2000000,303653,10.98987366,3.947988032
250,1000000,1000000,16.77,15.72,2000000,303291,10.9948542,3.951651793
250,1000000,1000000,14.63,13.66,2000000,303137,10.99641443,3.945910035
255,1000000,1000000,12.14,11.61,2000000,303911,11.00142976,3.945836667
255,1000000,1000000,18.07,17.28,2000000,303323,10.99725398,3.945556688
255,1000000,1000000,15.73,14.48,2000000,304233,10.98939247,3.946572502
255,1000000,1000000,10.1,10.03,2000000,302866,11.00042517,3.949444774
255,1000000,1000000,9.94,9.86,2000000,303436,10.99405201,3.944621609
260,1000000,1000000,17.38,16.91,2000000,303741,10.99696913,3.94221089
260,1000000,1000000,15.95,15.95,2000000,303291,10.99314183,3.946855368
260,1000000,1000000,26.34,25.92,2000000,303470,10.99966449,3.948629446
260,1000000,1000000,28.91,27.84,2000000,303792,10.99789043,3.952417772
260,1000000,1000000,29.78,29.02,2000000,303712,11.00163527,3.949839837
265,1000000,1000000,28.61,27.7,2000000,303130,10.98871361,3.94765893
265,1000000,1000000,26.9,26.34,2000000,303492,10.99298638,3.95646241
265,1000000,1000000,29.06,28.19,2000000,304646,10.9855381,3.946628284
265,1000000,1000000,28.65,27.81,2000000,303475,11.00958924,3.945698359
265,1000000,1000000,29.79,29.12,2000000,303563,10.98837793,3.946415135
270,1000000,1000000,27.23,26.58,2000000,303309,11.01031415,3.94553073
270,1000000,1000000,29.15,28.67,2000000,303754,11.00639202,3.942270372
270,1000000,1000000,29.21,28.48,2000000,303274,11.00738398,3.94945897
270,1000000,1000000,27.28,26.72,2000000,302685,10.99220614,3.943861892
270,1000000,1000000,19.58,19.12,2000000,302837,11.01427539,3.947053033
275,1000000,1000000,16.96,16.8,2000000,303995,10.99396563,3.939481319
275,1000000,1000000,29.17,28.61,2000000,304035,11.00581954,3.951725883
275,1000000,1000000,30.92,30.5,2000000,303465,11.00649835,3.946917567
275,1000000,1000000,27.91,27.05,2000000,303483,10.99858911,3.94352297
275,1000000,1000000,29.17,28.58,2000000,304023,11.00268799,3.95174049
280,1000000,1000000,27.83,26.89,2000000,304155,11.00534379,3.938812958
280,1000000,1000000,27.78,27.09,2000000,302954,10.99142788,3.942262708
280,1000000,1000000,28.71,28.06,2000000,303982,10.99754348,3.943553646
280,1000000,1000000,29.3,28.97,2000000,303348,10.99584747,3.94938039
280,1000000,1000000,29.59,28.84,2000000,303017,11.00383276,3.942610641
285,1000000,1000000,29.42,28.62,2000000,303372,11.00753041,3.946578876
285,1000000,1000000,27.95,27.28,2000000,303051,10.99798108,3.953134971
285,1000000,1000000,27.78,27.2,2000000,304022,11.00348394,3.952615151
285,1000000,1000000,30.32,29.91,2000000,304217,11.00196771,3.944526554
285,1000000,1000000,26.01,25.42,2000000,304082,11.0041559,3.94982099
290,1000000,1000000,26.89,26.39,2000000,303252,10.98889743,3.948746565
290,1000000,1000000,24.57,23.98,2000000,302924,10.99193872,3.947861778
290,1000000,1000000,28.52,27.72,2000000,303913,11.0048957,3.947916227
290,1000000,1000000,26.75,25.91,2000000,303812,11.00861247,3.946942663
290,1000000,1000000,18.32,17.48,2000000,303734,10.99362607,3.949783505
295,1000000,1000000,14.16,13.38,2000000,304253,11.00274429,3.9473473
295,1000000,1000000,18.69,17.77,2000000,304119,10.99612278,3.954234785
295,1000000,1000000,17.75,16.59,2000000,303742,11.00332961,3.952898327
295,1000000,1000000,17.17,15.84,2000000,303931,10.99765457,3.947459375
295,1000000,1000000,12.22,11.73,2000000,302953,11.00980831,3.947910449
300,1000000,1000000,14.38,13.66,2000000,303097,10.99799874,3.940619244
300,1000000,1000000,9.58,9.47,2000000,303507,11.00229877,3.949112568
300,1000000,1000000,9.59,9.52,2000000,303575,10.9986029,3.951579721
300,1000000,1000000,9.57,9.38,2000000,303518,11.00783005,3.947243317
300,1000000,1000000,9.54,9.5,2000000,302915,10.99592676,3.942486164
305,1000000,1000000,19.32,18.05,2000000,303572,11.00526549,3.946087054
305,1000000,1000000,14.57,14,2000000,303512,11.01085769,3.94840472
305,1000000,1000000,18.74,18.03,2000000,303735,10.9940205,3.944877282
305,1000000,1000000,16.92,15.78,2000000,303185,10.99778938,3.951198724
305,1000000,1000000,10.27,10.14,2000000,304017,10.99524735,3.949222464
310,1000000,1000000,9.59,9.39,2000000,303233,10.99518359,3.949798144
310,1000000,1000000,19.02,17.77,2000000,303277,10.99875351,3.951445093
310,1000000,1000000,18.53,17.22,2000000,303172,11.00951043,3.950530194
310,1000000,1000000,17.22,15.89,2000000,303435,11.00337863,3.941554649
310,1000000,1000000,11.72,11.39,2000000,303595,10.99084716,3.945674827
315,1000000,1000000,17.35,15.97,2000000,302589,10.99231629,3.939793512
315,1000000,1000000,18.08,16.83,2000000,303830,10.99736634,3.94817462
315,1000000,1000000,9.57,9.45,2000000,303438,11.00208254,3.943313282
315,1000000,1000000,13.71,13.12,2000000,303437,10.99577349,3.945202973
315,1000000,1000000,11.04,10.72,2000000,302883,11.00026157,3.944411628
320,1000000,1000000,18.55,17.48,2000000,303663,11.00197839,3.937860293
320,1000000,1000000,9.54,9.45,2000000,303433,11.00744196,3.956188321
320,1000000,1000000,13.41,12.77,2000000,303784,11.01175535,3.947421273
320,1000000,1000000,9.53,9.36,2000000,303883,11.00534464,3.953250874
320,1000000,1000000,9.79,9.7,2000000,303650,10.99912825,3.944255757
325,1000000,1000000,12.69,12.03,2000000,303007,11.0019047,3.948395261
325,1000000,1000000,9.56,9.47,2000000,303700,11.00766078,3.944788768
325,1000000,1000000,17.39,16,2000000,303971,10.98334931,3.947621424
325,1000000,1000000,9.53,9.36,2000000,303017,10.99953015,3.943991049
325,1000000,1000000,16.4,15,2000000,302793,11.00319033,3.942860508
330,1000000,1000000,9.56,9.44,2000000,303411,10.99269823,3.943972239
330,1000000,1000000,13.4,12.94,2000000,304201,11.01054005,3.950301621
330,1000000,1000000,15.57,14.61,2000000,304042,10.99715131,3.943390123
330,1000000,1000000,10.87,10.64,2000000,303860,10.99951633,3.945862524
330,1000000,1000000,16.11,15.28,2000000,303467,11.0027414,3.944364324
335,1000000,1000000,9.59,9.45,2000000,303398,11.00066371,3.948551861
335,1000000,1000000,9.51,9.39,2000000,303374,11.00409152,3.950017358
335,1000000,1000000,9.56,9.28,2000000,303058,11.00162178,3.953041772
335,1000000,1000000,11.21,10.97,2000000,302647,11.00780835,3.946660544
335,1000000,1000000,17.54,16.62,2000000,303960,10.98270251,3.9408442
340,1000000,1000000,9.56,9.48,2000000,303457,10.99489525,3.95175357
340,1000000,1000000,9.55,9.39,2000000,303953,10.98529438,3.947950628
340,1000000,1000000,18.66,17.38,2000000,303260,10.99556084,3.948721459
340,1000000,1000000,17.7,16.66,2000000,303327,11.00712874,3.947984726
340,1000000,1000000,9.54,9.48,2000000,303036,10.99937813,3.952780601
345,1000000,1000000,9.58,9.5,2000000,303266,10.99673605,3.941987679
345,1000000,1000000,9.53,9.34,2000000,303912,10.99427484,3.944189218
345,1000000,1000000,9.52,9.47,2000000,303506,10.99584537,3.946128482
345,1000000,1000000,16.59,15.7,2000000,303254,10.99285526,3.944550659
345,1000000,1000000,14.04,13.38,2000000,303732,11.01086475,3.951354584
350,1000000,1000000,9.57,9.38,2000000,303632,10.99662505,3.947652537
350,1000000,1000000,15.53,14.86,2000000,303305,11.00947296,3.941801833
350,1000000,1000000,9.58,9.42,2000000,303517,11.00707339,3.945208457
350,1000000,1000000,9.67,9.44,2000000,303898,11.00893591,3.95038444
350,1000000,1000000,10.33,10.03,2000000,303494,10.99425673,3.950413547
355,1000000,1000000,18.56,17.12,2000000,303305,11.00503379,3.943968067
355,1000000,1000000,9.56,9.48,2000000,303461,10.9984396,3.942737727
355,1000000,1000000,16.21,15.02,2000000,303121,10.99026569,3.949394226
355,1000000,1000000,10.89,10.48,2000000,303651,11.00397114,3.945931403
355,1000000,1000000,16.73,15.59,2000000,304165,10.99747763,3.950406937
360,1000000,1000000,14.98,14.2,2000000,303854,10.99857563,3.947127156
360,1000000,1000000,9.6,9.39,2000000,303608,10.99176654,3.948638825
360,1000000,1000000,17.32,16.55,2000000,303228,10.99728839,3.950078849
360,1000000,1000000,17.37,16.62,2000000,304503,11.00032602,3.944680177
360,1000000,1000000,9.67,9.59,2000000,303362,11.00468466,3.941649925
365,1000000,1000000,16.31,15.36,2000000,303347,10.99554526,3.94806973
365,1000000,1000000,12.42,11.58,2000000,302553,10.9974382,3.949686418
365,1000000,1000000,15.87,15.06,2000000,302947,11.00447717,3.954207958
365,1000000,1000000,12.03,11.36,2000000,303508,10.98319997,3.94422227
365,1000000,1000000,9.54,9.34,2000000,304121,10.99677618,3.942784282
370,1000000,1000000,15.75,15.05,2000000,303041,10.99036974,3.947388574
370,1000000,1000000,9.58,9.47,2000000,303326,10.99281751,3.9455438
370,1000000,1000000,11.93,11.27,2000000,303764,10.99898136,3.948714854
370,1000000,1000000,15.82,15.11,2000000,303431,11.00257352,3.948733722
370,1000000,1000000,17.27,16.28,2000000,303476,10.98529674,3.943168817
375,1000000,1000000,10.99,10.66,2000000,302889,11.00058965,3.950249128
375,1000000,1000000,9.68,9.58,2000000,303314,11.00653092,3.947100975
375,1000000,1000000,9.57,9.42,2000000,303649,10.9921025,3.945658578
375,1000000,1000000,16.22,15.23,2000000,303543,11.0009063,3.946303059
375,1000000,1000000,18.88,17.53,2000000,303104,10.9923156,3.940246659
380,1000000,1000000,12.66,12.03,2000000,302958,10.99636118,3.943075189
380,1000000,1000000,14.81,14.19,2000000,302910,10.99916879,3.950766232
380,1000000,1000000,13.64,13,2000000,303538,10.99701533,3.950493649
380,1000000,1000000,9.56,9.42,2000000,303975,10.99618798,3.948754252
380,1000000,1000000,14.58,13.92,2000000,303487,10.9934177,3.947808834
385,1000000,1000000,9.56,9.45,2000000,303050,10.99469017,3.953370139
385,1000000,1000000,9.52,9.45,2000000,303237,11.00469532,3.941023647
385,1000000,1000000,9.53,9.47,2000000,303768,10.99909264,3.944018016
385,1000000,1000000,14.58,13.62,2000000,303231,10.99995565,3.952737045
385,1000000,1000000,18,16.98,2000000,303896,10.99942346,3.948513916
390,1000000,1000000,18.5,17.91,2000000,303741,11.00297914,3.948518886
390,1000000,1000000,18.37,17.59,2000000,304075,10.99424672,3.945883621
390,1000000,1000000,10.4,10.22,2000000,303852,11.01252269,3.944497589
390,1000000,1000000,12.13,11.91,2000000,303587,10.99481173,3.950117687
390,1000000,1000000,18.1,16.81,2000000,303782,11.00324279,3.948653419
395,1000000,1000000,9.52,9.36,2000000,303848,10.99826768,3.952642491
395,1000000,1000000,9.53,9.31,2000000,303971,11.00792212,3.949448402
395,1000000,1000000,17.6,16.39,2000000,303729,11.0076408,3.949318265
395,1000000,1000000,16.8,15.86,2000000,303414,10.99653502,3.947374353
395,1000000,1000000,18.09,16.88,2000000,303713,10.99973135,3.947794282
400,1000000,1000000,9.53,9.41,2000000,303811,11.01202567,3.940662284
400,1000000,1000000,17.27,16.75,2000000,303628,10.99477451,3.945174614
400,1000000,1000000,9.52,9.41,2000000,303123,10.99671521,3.943770439
400,1000000,1000000,9.5,9.34,2000000,303012,11.00199389,3.954321226
400,1000000,1000000,9.55,9.42,2000000,303055,10.99853231,3.942752293
405,1000000,1000000,9.52,9.45,2000000,303760,11.00223189,3.946130594
405,1000000,1000000,12.04,11.72,2000000,303833,10.99829878,3.944725618
405,1000000,1000000,10.26,10.12,2000000,303794,10.98918623,3.946257621
405,1000000,1000000,9.66,9.59,2000000,304128,10.99975784,3.942769003
405,1000000,1000000,9.59,9.41,2000000,303160,10.99386141,3.948065767
410,1000000,1000000,17.44,16.52,2000000,303744,11.00568619,3.949868783
410,1000000,1000000,18.98,17.83,2000000,303970,10.99541086,3.947328597
410,1000000,1000000,16.45,15.67,2000000,302896,10.99510678,3.93832489
410,1000000,1000000,13.2,12.33,2000000,304346,11.00265999,3.94717009
410,1000000,1000000,9.54,9.3,2000000,302828,11.00888449,3.950948644
415,1000000,1000000,17.86,16.8,2000000,303766,10.99396522,3.942140268
415,1000000,1000000,9.73,9.56,2000000,303538,11.00068872,3.947535237
415,1000000,1000000,9.53,9.42,2000000,304172,10.99777888,3.946758773
415,1000000,1000000,15.2,14.64,2000000,303292,11.00432894,3.949184997
415,1000000,1000000,11.93,11.55,2000000,304272,10.98913234,3.945044593
420,1000000,1000000,18.18,17.47,2000000,303460,11.00216312,3.949474541
420,1000000,1000000,14.45,13.92,2000000,303889,10.98680304,3.938430304
420,1000000,1000000,18.55,17.84,2000000,303656,10.98548647,3.937782634
420,1000000,1000000,9.56,9.41,2000000,303537,10.99318618,3.945705294
420,1000000,1000000,15.97,14.94,2000000,303572,11.00824685,3.945267348
425,1000000,1000000,15.95,15.19,2000000,304312,10.98736434,3.952678415
425,1000000,1000000,9.52,9.33,2000000,303753,11.00128618,3.947103458
425,1000000,1000000,9.58,9.44,2000000,303769,10.99885274,3.944035238
425,1000000,1000000,9.88,9.7,2000000,303356,11.00107645,3.948849907
425,1000000,1000000,9.53,9.38,2000000,303516,11.0193886,3.946129509
430,1000000,1000000,14.58,13.81,2000000,303102,11.00032341,3.950149947
430,1000000,1000000,9.52,9.33,2000000,303248,10.98712228,3.950447494
430,1000000,1000000,9.56,9.45,2000000,304026,11.00763127,3.945705565
430,1000000,1000000,14.06,13.38,2000000,303154,11.00663625,3.95008269
430,1000000,1000000,9.54,9.41,2000000,303850,10.99589014,3.944430336
435,1000000,1000000,9.51,9.27,2000000,303507,10.99579444,3.941610889
435,1000000,1000000,9.55,9.42,2000000,303728,11.00374267,3.94398333
435,1000000,1000000,9.54,9.38,2000000,304364,10.98485289,3.945742068
435,1000000,1000000,9.54,9.36,2000000,303758,10.9944669,3.949003867
435,1000000,1000000,9.59,9.42,2000000,303610,11.00065457,3.942444744
440,1000000,1000000,9.53,9.44,2000000,303632,10.98655058,3.956152012
440,1000000,1000000,9.53,9.39,2000000,304123,11.00994376,3.948635501
440,1000000,1000000,9.6,9.47,2000000,302976,11.00956875,3.945664672
440,1000000,1000000,9.53,9.39,2000000,303856,10.99771012,3.950852212
440,1000000,1000000,9.56,9.38,2000000,303282,11.00282376,3.946537357
445,1000000,1000000,12.66,12.3,2000000,303755,10.99743625,3.939110178
445,1000000,1000000,12.49,12.06,2000000,304081,10.99934198,3.948201173
445,1000000,1000000,15.73,15.03,2000000,303954,10.99944704,3.941743502
445,1000000,1000000,9.51,9.41,2000000,304069,10.99933826,3.947695862
445,1000000,1000000,9.52,9.42,2000000,304043,10.98520063,3.944487981
450,1000000,1000000,9.53,9.33,2000000,303423,10.99056249,3.946519723
450,1000000,1000000,9.51,9.38,2000000,302522,11.00517487,3.946568412
450,1000000,1000000,9.53,9.42,2000000,304127,10.99591658,3.940831397
450,1000000,1000000,14.87,13.78,2000000,303558,10.99199582,3.954417955
450,1000000,1000000,9.55,9.38,2000000,303513,10.99954971,3.949817167
455,1000000,1000000,9.55,9.44,2000000,303023,10.98979453,3.944119288
455,1000000,1000000,9.53,9.33,2000000,303740,11.01101385,3.946329091
455,1000000,1000000,9.54,9.38,2000000,303463,10.99494218,3.955579717
455,1000000,1000000,9.54,9.33,2000000,303540,10.99899676,3.950488534
455,1000000,1000000,9.51,9.44,2000000,303956,10.99345137,3.940363717
460,1000000,1000000,11.54,11.27,2000000,303960,11.00380552,3.948311441
460,1000000,1000000,9.54,9.45,2000000,303261,11.00247873,3.946287269
460,1000000,1000000,15.07,14.25,2000000,303244,11.00223901,3.947656823
460,1000000,1000000,9.52,9.3,2000000,303233,11.00156076,3.950746653
460,1000000,1000000,9.57,9.41,2000000,303345,11.00326286,3.948802622
465,1000000,1000000,9.56,9.48,2000000,303314,11.01344818,3.948250698
465,1000000,1000000,9.54,9.36,2000000,303343,11.00124878,3.949065249
465,1000000,1000000,9.54,9.36,2000000,303549,10.99620977,3.944386992
465,1000000,1000000,9.52,9.41,2000000,304043,10.99946515,3.95562132
465,1000000,1000000,12.71,11.97,2000000,303446,11.00555619,3.948233951
470,1000000,1000000,9.54,9.36,2000000,304072,10.99615457,3.942816216
470,1000000,1000000,9.58,9.48,2000000,303759,11.0109999,3.950544583
470,1000000,1000000,9.54,9.44,2000000,303525,10.99719781,3.946334292
470,1000000,1000000,9.54,9.39,2000000,303358,11.00834499,3.937839007
470,1000000,1000000,9.56,9.47,2000000,303242,11.00206386,3.948808436
475,1000000,1000000,9.57,9.44,2000000,304234,10.99306451,3.946850701
475,1000000,1000000,9.52,9.36,2000000,303511,11.00088112,3.943620813
475,1000000,1000000,9.5,9.3,2000000,303322,11.00271387,3.948057768
475,1000000,1000000,9.53,9.44,2000000,304010,11.00252179,3.943652459
475,1000000,1000000,9.5,9.31,2000000,303531,11.00971158,3.938976141
480,1000000,1000000,9.51,9.27,2000000,303836,11.00415625,3.944227751
480,1000000,1000000,9.54,9.42,2000000,303192,11.01742613,3.95031725
480,1000000,1000000,9.48,9.36,2000000,303488,11.00861557,3.945579766
480,1000000,1000000,9.52,9.33,2000000,303826,10.99694621,3.950083915
480,1000000,1000000,9.49,9.31,2000000,303947,11.00869572,3.951991726
485,1000000,1000000,9.55,9.38,2000000,303202,10.99716216,3.945807489
485,1000000,1000000,9.53,9.39,2000000,303426,10.9950608,3.936736378
485,1000000,1000000,9.52,9.36,2000000,303660,11.00776419,3.940113561
485,1000000,1000000,9.51,9.34,2000000,303565,11.00446168,3.949362844
485,1000000,1000000,9.48,9.39,2000000,303193,10.99489996,3.947155759
490,1000000,1000000,9.52,9.36,2000000,303132,11.00221537,3.94566612
490,1000000,1000000,13.03,12.53,2000000,304073,11.00850351,3.94873001
490,1000000,1000000,9.49,9.38,2000000,303981,11.01464327,3.942454689
490,1000000,1000000,9.54,9.31,2000000,302904,10.99861974,3.945655459
490,1000000,1000000,9.72,9.55,2000000,303729,10.9968036,3.943232836
495,1000000,1000000,9.61,9.47,2000000,303996,10.9942358,3.948467473
495,1000000,1000000,9.51,9.31,2000000,304097,11.00372892,3.949502218
495,1000000,1000000,9.52,9.41,2000000,303616,10.99853757,3.942614518
495,1000000,1000000,9.54,9.39,2000000,304216,10.99853892,3.951370922
495,1000000,1000000,9.51,9.36,2000000,303056,11.0025286,3.958096584
500,1000000,1000000,9.53,9.34,2000000,303207,11.00756336,3.943442462
500,1000000,1000000,9.51,9.31,2000000,303608,10.99470089,3.937741858
500,1000000,1000000,9.49,9.27,2000000,303954,11.00940556,3.953085164
500,1000000,1000000,9.48,9.3,2000000,303827,10.99721647,3.946958797
500,1000000,1000000,9.51,9.34,2000000,302848,10.98733238,3.946474002
